1947 3391
231 257 294 301 54

833 397 877 440 C.
918 397 1130 439 XXVHI.

224 479 337 522 Plin.
373 484 443 533 23,
482 483 587 523 141:
623 479 805 523 Gerasia
846 480 993 523 alvum
1034 479 1247 533 molliunt,
1295 479 1518 522 stomacho
1560 478 1735 521 inutilia

443 551 598 594 eadem
631 550 798 594 siccata
830 551 977 594 alvum
1010 550 1174 593 sistunt
1208 584 1216 592 .
1254 584 1262 592 .
1298 583 1305 592 .
1342 582 1351 592 .

224 622 317 664 Ser.
342 636 384 665 v.
410 626 517 665 538:
552 623 644 665 Aut
676 621 819 665 cerasi
850 622 1014 665 victum
1047 622 1177 676 longo
1209 621 1297 664 iam
1323 627 1520 675 tempore
1548 633 1733 675 pomum.

224 692 281 736 Cf.
314 693 463 737 Diosc.
496 711 539 736 π.
573 694 634 735 ὑλ.
669 695 772 747 ἶατρ.
803 694 839 748 Ι,
877 697 973 736 157.

858 812 902 856 O.
936 812 1105 855 XXXI.

221 895 334 938 Plin.
371 899 440 949 23,
477 900 550 938 38:
586 895 665 951 (sc.
700 894 821 950 vino)
854 895 982 938 urina
1024 898 1069 937 et
1111 895 1236 950 algor
1275 894 1510 948 expellitur
1543 928 1731 938 .....

437 969 566 1010 vetus
600 966 841 1020 copiosiore
876 979 991 1019 aqua
1013 965 1246 1018 miscetur;
1282 979 1365 1019 quo
1398 966 1540 1021 magis
1562 965 1732 1009 urinam

439 1037 621 1092 expellit
654 1037 796 1081 minus
829 1037 927 1081 sitis
960 1037 1144 1081 resistit.

222 1109 315 1152 Ser.
339 1123 379 1152 v.
406 1113 510 1152 581:
545 1110 671 1152 Haec
703 1122 826 1152 mora
858 1113 1086 1163 rumpetur
1117 1109 1218 1153 vino
1251 1109 1453 1163 pervicta
1485 1111 1675 1153 vetusto.

220 1216 332 1260 Plin.
375 1220 446 1271 24,
488 1221 565 1259 52:
612 1217 728 1260 acini
781 1217 874 1260 eius
928 1216 1006 1273 (sc.
1068 1215 1239 1273 sabuci)
1291 1215 1551 1259 infirmiores
1604 1228 1733 1269 quam

435 1288 605 1341 reliqua
653 1288 832 1343 tingunt
880 1288 1098 1342 capillum,
1148 1287 1241 1341 poti
1273 1288 1495 1330 acetabuli
1527 1300 1732 1330 mensura

434 1360 607 1404 urinam
639 1363 831 1405 movent.

220 1432 312 1474 Ser.
338 1445 377 1475 v.
405 1435 513 1474 582:
547 1432 755 1474 Proderit
788 1445 842 1474 ex
874 1432 1025 1485 parvis
1058 1432 1208 1475 acinos
1240 1435 1396 1486 potare
1430 1432 1616 1475 sabucis.

218 1538 329 1580 Plin.
366 1542 436 1592 24,
473 1542 549 1580 75:
585 1538 665 1594 (sc.
700 1538 914 1594 hederae)
947 1539 1118 1581 urinam
1152 1539 1271 1582 cient
1302 1542 1421 1592 potu.

218 1608 311 1652 Ser.
336 1622 377 1652 v.
403 1613 514 1652 583:
549 1610 641 1652 Aut
673 1609 866 1652 hederae
899 1622 1048 1653 sucum
1083 1643 1090 1652 .
1128 1643 1136 1652 .
1173 1643 1180 1652 .
1218 1644 1226 1652 .
1261 1608 1341 1666 (sc.
1371 1608 1546 1666 potare)
1581 1643 1589 1653 .
1626 1643 1634 1652 .

218 1715 329 1758 Plin.
367 1720 437 1770 20,
472 1720 580 1758 237:
616 1716 696 1772 (sc.
747 1715 909 1772 sinapi)
965 1717 1190 1759 stomacho
1244 1716 1522 1759 utilissimum
1570 1719 1726 1759 contra

436 1788 580 1831 omnia
632 1788 744 1833 vitia
799 1823 806 1831 .
863 1823 871 1831 .
928 1823 936 1831 .
991 1789 1136 1833 alvom
1191 1787 1344 1843 mollit,
1401 1791 1628 1831 menstrua
1681 1791 1727 1831 et

433 1859 605 1902 urinam
637 1859 737 1902 ciet.

217 1931 310 1974 Ser.
335 1945 375 1975 v.
402 1935 512 1973 583:
549 1965 737 1974 .....
751 1945 782 1974 ·.
818 1935 895 1974 aut
926 1931 1148 1975 lacrimosi
1179 1931 1289 1975 trita
1323 1931 1478 1986 sinapi.

216 2038 328 2082 Plin.
365 2042 435 2094 24,
473 2042 547 2081 16:
582 2039 712 2082 radix
756 2038 835 2096 (sc.
883 2038 1098 2096 cupressi)
1145 2052 1239 2082 cum
1285 2038 1403 2082 foliis
1458 2038 1569 2082 trita
1618 2041 1725 2093 pota

433 2111 610 2154 vesicae
643 2115 688 2154 et
721 2111 1002 2165 stranguriae
1035 2112 1248 2154 medetur.

216 2180 309 2225 Ser.
334 2195 375 2226 v.
402 2185 509 2224 591:
545 2180 787 2225 Subveniet
818 2181 947 2224 radix
975 2181 1211 2224 frondosae
1245 2184 1377 2235 epota
1410 2182 1617 2235 cupressi.

213 2289 326 2333 Plin.
375 2294 445 2344 20,
495 2293 596 2332 157:
644 2290 854 2346 (puleium
908 2289 988 2346 sc.)
1046 2291 1274 2333 decoctum
1322 2303 1424 2333 suco
1478 2290 1725 2343 aequaliter

430 2375 607 2406 vesmae
642 2397 829 2406 .....

214 2433 307 2476 Ser.
332 2448 373 2477 v.
399 2437 504 2476 592:
538 2434 794 2477 Puleiumve
827 2438 984 2487 potens
1016 2434 1225 2476 domitum
1266 2434 1543 2478 ferventibus
1580 2434 1721 2478 undis.

213 2541 325 2584 Plin.
361 2546 431 2595 22,
469 2545 542 2584 64:
587 2541 779 2584 calculos
826 2554 849 2583 e
896 2554 1077 2596 corpore
1124 2541 1232 2585 mire
1279 2541 1405 2596 pellit
1453 2541 1721 2597 frangitque,

429 2612 580 2666 utique
612 2612 798 2667 nigrum,
848 2626 933 2665 qua
981 2613 1035 2655 de
1080 2626 1215 2656 causa
1257 2613 1403 2667 potius
1448 2625 1576 2665 quam
1609 2614 1722 2666 quod

428 2672 472 2727 in
493 2684 613 2728 saxis
630 2687 903 2739 nasceretur,
929 2698 955 2727 a
977 2685 1142 2728 nostris
1159 2683 1432 2739 saxifragum
1452 2683 1722 2738 appellatum

430 2755 705 2800 crediderim.

212 2829 323 2872 Plin.
360 2833 430 2884 36,
469 2831 571 2872 143:
607 2828 850 2884 Spongitae
895 2829 1067 2883 lapides
1109 2829 1392 2874 inveniuntur
1429 2827 1474 2870 in
1516 2829 1721 2884 spongeis

430 2904 475 2943 et
532 2906 634 2944 sunt
686 2901 858 2944 marini.
918 2902 1094 2953 quidam
1148 2915 1221 2944 eos
1274 2900 1506 2945 tecolithos
1558 2905 1721 2945 vocant
