1947 3391
210 263 272 308 14

204 405 366 455 potest,
409 401 674 444 Medicinam
715 400 781 444 Pl.
826 402 908 444 hoc
949 403 1234 454 praeceptum
1276 397 1440 445 Sereno
1474 401 1634 444 debere
1668 393 1713 443 et

204 485 355 515 vocem
406 471 552 524 ,aliud‘
604 485 626 514 e
673 485 715 515 v.
767 476 821 514 70
870 475 1013 514 ortam
1071 484 1181 514 esse.
1267 471 1355 514 Sed
1402 472 1513 515 talia
1565 471 1712 515 verbis

205 543 380 598 ,capitis
411 546 599 587 taetra
631 543 854 587 animalia‘
886 543 1162 598 refelluntur,
1198 555 1309 597 quae
1338 544 1455 598 apud
1482 546 1712 597 utrumque

204 617 398 657 exstant.

882 736 926 777 C.
961 736 1036 777 VI.

204 829 261 872 M.
296 828 361 871 Pl.
397 832 467 882 99,
503 833 577 871 23:
624 828 764 872 Urina
806 828 918 872 asini
960 842 1055 872 cum
1098 841 1173 872 suo
1205 829 1298 872 luto
1331 828 1537 883 imposita
1569 829 1710 873 sedat.

420 899 546 943 fimus
577 899 810 943 bubulinus
841 899 1085 954 impositus.

205 971 298 1014 Ser.
340 985 382 1015 v.
435 976 508 1014 73:
563 972 683 1026 Ergo
705 972 843 1014 lutum
866 971 1047 1025 prodest
1064 971 1270 1015 membris
1293 971 1503 1015 adhibere
1526 971 1713 1026 fricatis,

566 1043 690 1097 Quod
723 1042 835 1085 facit
868 1055 921 1084 ex
955 1043 1078 1086 asino
1113 1046 1318 1086 saccatus
1351 1043 1546 1097 corporis
1576 1056 1716 1093 umor,

565 1114 656 1156 Nec
678 1113 844 1167 pudeat
876 1116 1076 1156 tractare
1104 1114 1230 1156 fimus
1258 1115 1372 1167 quod
1393 1115 1552 1157 bucula
1584 1114 1712 1157 fudit.

206 1185 261 1228 cf.
296 1186 409 1228 Plin.
445 1189 515 1240 28,
550 1188 649 1228 244.

325 1257 456 1312 Apud
478 1257 667 1300 Plinium
701 1257 855 1299 eadem
887 1259 1130 1311 praecepta
1163 1260 1297 1311 atque
1329 1257 1374 1300 in
1399 1256 1620 1300 Medicina
1647 1257 1712 1299 Pl.

206 1332 388 1372 exstant
429 1341 569 1382 neque
610 1328 700 1371 ulla
740 1327 982 1371 difficultas
1026 1328 1179 1383 oritur,
1226 1330 1339 1382 quod
1370 1328 1539 1372 Plinius
1569 1329 1715 1371 fimum

204 1400 409 1442 bubulum
474 1402 630 1453 aperte
694 1399 971 1441 commendat
1023 1399 1119 1442 bois
1172 1400 1391 1443 curandis.
1476 1400 1714 1443 Sedtamen

205 1470 360 1513 mirum
409 1473 543 1525 esset,
594 1470 709 1523 quod
755 1472 801 1513 et
845 1473 1001 1513 auctor
1032 1470 1281 1514 Medicinae
1325 1471 1390 1513 Pl.
1438 1474 1483 1514 et
1527 1470 1716 1513 Serenus

206 1542 359 1585 eodem
391 1542 518 1584 modo
551 1542 689 1585 verba
720 1541 837 1583 Plini
869 1541 1183 1584 reddidissent.

326 1613 414 1657 Sed
446 1613 560 1666 quod
582 1611 846 1656 Urlichsius¹
871 1612 980 1667 vult,
1008 1612 1184 1656 minime
1207 1614 1411 1667 quadrat.
1454 1612 1713 1657 Falsissime

206 1685 362 1727 doctus
394 1683 468 1726 ille
490 1683 559 1728 vir
579 1696 754 1727 versum
779 1687 832 1726 75
865 1683 1070 1738 mutavit,
1104 1697 1201 1726 cum
1224 1684 1420 1727 codicum
1442 1684 1711 1727 auctoritate

206 1755 355 1799 nescio
403 1767 480 1797 cur
528 1755 658 1809 plane
704 1754 865 1797 omissa
910 1754 1125 1797 scriberet
1168 1755 1366 1809 ,sucula‘;
1420 1754 1526 1798 item
1576 1755 1712 1798 talem

206 1826 475 1870 sententiam
506 1826 635 1880 Plini,
671 1826 811 1879 qualis
845 1838 868 1869 e
890 1826 1091 1870 versibus
1125 1826 1280 1869 Sereni
1313 1826 1517 1881 cognosci
1549 1830 1711 1882 potest,

205 1898 419 1952 turbavit,
445 1911 541 1940 cum
562 1910 737 1941 versum
766 1901 818 1940 75
843 1910 939 1940 cum
961 1897 1028 1952 iis,
1063 1897 1136 1951 qui
1158 1898 1441 1952 antecedunt,
1476 1889 1712 1941 cohaerere

205 1969 392 2013 iuberet.
485 1969 631 2022 Atque
693 1967 998 2011 Detlefsenum
1060 1969 1277 2023 vitupero,
1348 1969 1461 2022 quod
1523 1968 1714 2012 Urlichsi

206 2042 505 2096 conjecturam
536 2040 582 2083 in
613 2043 783 2083 textum
817 2039 1022 2083 editionis
1054 2040 1236 2094 recepit.

205 2112 263 2154 M.
297 2112 363 2153 Pl.
402 2115 500 2165 100,
538 2115 610 2152 17:
644 2110 832 2164 pustulis
864 2110 979 2153 suilli
1006 2111 1096 2153 fimi
1128 2111 1238 2154 cinis
1259 2112 1330 2154 vel
1364 2123 1520 2154 cornus
1547 2111 1714 2154 cervini

423 2182 533 2225 cinis
566 2195 619 2225 ex
652 2195 767 2234 aqua
798 2181 1009 2225 inlinitur.

206 2253 300 2297 Ser.
334 2267 376 2298 v.
413 2257 486 2295 76:
522 2252 741 2295 Stercoris
774 2264 828 2295 ex
859 2265 989 2306 porco
1014 2252 1204 2296 cinerem
1227 2253 1483 2296 confundito
1505 2252 1711 2307 lymphis:

525 2324 599 2368 Sic
629 2324 838 2378 pavidum
872 2338 1028 2378 corpus
1061 2325 1221 2368 dextra
1252 2328 1465 2379 parcente
1498 2324 1662 2369 foveto.

205 2397 262 2440 cf.
295 2396 396 2439 Plin
430 2400 500 2450 28,
535 2400 636 2439 233.
699 2396 837 2437 Marc.
871 2396 1037 2449 Empir.
1071 2410 1112 2449 p.
1147 2400 1218 2450 43,
1256 2400 1322 2439 15.

204 2469 263 2510 M.
306 2468 372 2510 Pl.
420 2472 517 2521 100,
561 2471 606 2509 8:
660 2466 906 2520 lupinorum
954 2465 1102 2509 farina
1151 2480 1204 2509 ex
1251 2470 1378 2510 aceto
1433 2468 1618 2510 subacta
1669 2466 1714 2509 in

421 2538 580 2582 balneo
613 2537 787 2592 papulis
818 2536 1031 2580 inlinitur.

206 2611 299 2653 Ser.
334 2624 374 2654 v.
410 2615 488 2652 82:
523 2611 615 2652 Aut
647 2608 775 2652 acido
807 2609 983 2651 Baccho
1016 2609 1219 2652 miscebis
1252 2609 1376 2652 farra
1408 2609 1546 2663 lupini

522 2681 669 2735 Atque
686 2679 788 2723 hinc
813 2679 859 2722 in
881 2679 1023 2723 calido
1046 2692 1277 2734 percurres
1303 2681 1498 2723 membra
1519 2681 1712 2724 lavacro.

205 2754 261 2797 Cf.
295 2753 396 2796 Plin
429 2758 499 2807 22,
538 2757 634 2796 155.
698 2752 845 2795 Diosc.
878 2769 919 2793 π.
952 2753 1013 2794 ὑλ.
1046 2754 1150 2806 ιάτρ.
1183 2753 1241 2807 Π,
1279 2756 1375 2796 132.

328 2909 335 2927 ¹
364 2908 403 2942 L.
431 2907 584 2949 Urlichs,
613 2906 791 2941 vindiciae
817 2905 1017 2948 Plinianae,
1046 2905 1109 2939 No.
1137 2906 1217 2940 633.
