1947 3391
267 225 330 270 66

263 362 375 406 Plin.
405 368 475 418 30,
503 367 605 406 134:
640 363 756 407 idem
790 364 969 408 evenire
1002 364 1198 408 traditur
1230 365 1443 421 sanguine
1475 365 1604 409 ricini
1637 366 1777 410 evulsi

481 435 593 478 cani.

263 510 356 561 Ser.
379 533 420 563 v.
447 523 551 562 665:
588 519 812 574 Sanguine
835 520 906 563 vel
928 519 1069 574 ricini,
1094 532 1221 573 quem
1243 519 1395 576 nigro¹
1420 521 1474 564 de
1501 533 1611 565 cane
1633 520 1776 566 vellis.

262 625 375 668 Plin.
441 630 511 680 30,
577 630 650 668 71:
721 625 982 669 Ischiadicis
1019 624 1021 682 j
1057 626 1173 669 Med.
1197 626 1310 669 Plin.
1335 631 1467 682 43,3:
1487 627 1663 671 cocleae
1684 640 1776 673 cru-

324 698 496 740 cocleas
530 697 691 740 crudas
723 697 858 739 tritas
886 710 982 740 cum
1119 698 1204 741 dae
1229 698 1366 741 tritae
1395 711 1450 741 ex
1469 699 1570 743 vino
1590 698 1775 742 Amineo

322 768 423 811 vino
480 768 664 811 Amineo
730 772 775 811 et
831 768 984 821 pipere
1120 782 1216 812 cum
1248 769 1399 823 pipere
1431 769 1651 813 bibuntur.

321 843 427 893 potu
460 839 670 892 prodesse
704 839 856 882 dicunt
884 872 892 881 .
929 873 937 881 .
974 874 982 881 .
1096 836 1104 842 “

353 923 443 965 Ser.
467 937 508 966 v.
535 927 637 965 701:
673 924 764 965 Aut
798 935 852 965 ex
883 922 1076 977 Bithyno
1111 923 1284 966 cocleas
1317 922 1495 966 haurire
1528 924 1694 978 Lyaeo.

260 1029 372 1072 Plin.
427 1033 496 1083 30,
554 1032 658 1071 108:
718 1028 982 1072 Furunculis
1018 1027 1021 1085 Ι
1056 1029 1172 1072 Med.
1197 1029 1309 1072 Plin.
1334 1033 1404 1084 82,
1428 1032 1474 1072 4:
1509 1029 1626 1072 Fimi
1652 1030 1775 1085 galli-

321 1100 488 1143 mederi
527 1100 690 1143 dicitur
739 1134 748 1142 .
785 1133 794 1142 .
831 1134 839 1141 .
876 1135 884 1142 .
929 1113 983 1142 ex
1117 1101 1244 1144 nacei
1285 1101 1331 1143 id
1373 1101 1487 1154 quod
1528 1100 1673 1144 rufum
1707 1105 1776 1144 est

319 1171 568 1226 gallinaceo
610 1172 710 1214 fimo
754 1171 868 1224 quod
914 1174 983 1214 est
1117 1184 1272 1215 recens
1313 1172 1513 1215 inlinitur
1545 1185 1599 1215 ex
1631 1175 1774 1215 aceto.

319 1242 464 1285 rufum
506 1242 696 1285 maxime
735 1255 890 1285 recens
923 1243 983 1285 in·
986 1254 1021 1339 Ι

319 1313 445 1357 litum
480 1327 534 1356 ex
567 1317 695 1356 aceto
733 1348 922 1355 .....

263 1398 355 1439 Ser.
380 1411 421 1440 v.
434 1401 550 1439 714;
586 1397 832 1439 Praeterea
864 1397 990 1439 fimus
1024 1410 1077 1439 ex
1110 1397 1228 1451 gallo
1263 1397 1379 1449 quod
1410 1397 1573 1452 legeris
1600 1395 1775 1440 album²

583 1467 801 1511 Imbribus
835 1481 888 1511 ex
922 1467 1062 1511 acidis
1093 1467 1235 1511 fidens
1267 1467 1440 1522 adpone
1474 1467 1654 1511 dolenti.

261 1576 372 1618 Plin.
409 1580 479 1630 125,
517 1579 622 1619 101:
658 1575 791 1618 datur
809 1588 863 1618 ex
879 1575 981 1618 vino

321 1648 543 1701 percussis
576 1647 839 1701 chelidonia,
873 1660 981 1690 mor-

1056 1576 1172 1618 Med.
1195 1575 1307 1618 Plin.
1336 1579 1433 1631 110,
1450 1579 1525 1617 24:
1548 1576 1774 1619 vettonica

1117 1647 1255 1690 herba
1314 1647 1425 1690 trita
1487 1647 1650 1690 morsui
1702 1647 1775 1690 im·

322 1719 441 1761 sibus
483 1718 710 1771 inponitur
742 1718 982 1761 Vettonica
1019 1730 1021 1776 Ι
1117 1718 1307 1771 ponitur.

320 1802 571 1844 praeclpue,
608 1824 616 1830 .
655 1823 661 1830 .
699 1823 706 1830 .
1020 1842 1021 1845 Ι

261 1873 353 1915 Ser.
378 1886 418 1915 v.
445 1876 550 1914 841:
586 1872 910 1915 Vettonicaeve
942 1873 1064 1916 leves
1100 1905 1107 1912 .
1146 1907 1154 1914 .
1191 1906 1198 1913 .
1237 1906 1245 1913 .
1279 1871 1360 1922 (sc.
1394 1871 1609 1928 potatur).

381 1967 576 2011 Inclinat
610 1967 795 2022 animus,
828 1970 879 2010 ut
910 1971 1061 2021 putem
1094 1966 1306 2011 Serenum
1345 1968 1401 2010 ab
1446 1971 1627 2011 auctore
1658 1968 1775 2011 Med.

258 2040 371 2082 Plin.
406 2039 614 2093 pendere,
663 2052 759 2081 cum
804 2039 1001 2081 remedia
1046 2039 1144 2093 ipsa
1187 2051 1329 2092 paene
1378 2041 1645 2083 verbotenus
1679 2053 1775 2082 con—

259 2110 472 2153 sentiant.
535 2109 827 2152 Differentiae
862 2113 1024 2163 autem,
1059 2122 1172 2162 quae
1211 2113 1327 2164 sunt,
1369 2109 1473 2153 inde
1512 2113 1638 2153 ortae
1677 2123 1774 2154 esse

256 2180 478 2234 videntur,
513 2180 628 2233 quod
660 2183 795 2233 poeta
826 2180 945 2222 locos
977 2180 1184 2223 laudatos
1216 2181 1287 2224 vel
1330 2180 1473 2223 obiter
1504 2180 1614 2235 legit
1646 2181 1718 2225 vel
1751 2194 1773 2223 e

258 2265 337 2295 sua
370 2251 596 2295 sententia
630 2251 852 2305 corrigere
886 2251 1070 2294 studuit.

376 2323 471 2366 Iam
521 2335 574 2365 ea
621 2325 876 2376 repetamus
925 2335 1037 2375 quae
1092 2323 1147 2365 de
1196 2322 1449 2365 auctoribus
1504 2322 1659 2366 Sereni
1714 2323 1774 2365 in-

256 2394 483 2437 tellexisse
516 2393 621 2436 mihi
653 2393 828 2437 videor:

386 2470 423 2508 1.
474 2465 666 2509 Serenus
698 2477 840 2518 neque
872 2464 1145 2509 Dioscoridis
1186 2465 1322 2509 libros
1363 2478 1504 2519 neque
1543 2465 1773 2508 historiam

473 2537 724 2579 naturalem
756 2536 891 2579 Plinii
924 2537 1160 2590 excerpsit.

356 2691 364 2709 ¹
391 2690 496 2725 Hanc
534 2699 658 2724 vocem
698 2688 853 2724 Serenus
891 2689 1073 2725 addidisse
1111 2689 1258 2725 videtur
1292 2700 1336 2725 ex
1370 2700 1433 2725 suo
1468 2689 1629 2725 arbitrio.
1679 2690 1772 2725 Nam

255 2749 449 2793 praecipue
487 2752 525 2783 et
560 2748 679 2783 album
707 2752 745 2783 et
769 2748 913 2793 nigrum
941 2749 1097 2783 colorem
1129 2749 1166 2783 in
1193 2749 1299 2784 rebus
1325 2748 1589 2793 superstitiosis
1619 2749 1771 2785 multum

256 2808 378 2843 valere
404 2808 480 2852 ipse
507 2806 625 2842 scivit.

376 2866 390 2886 ²
416 2867 496 2902 albo
525 2866 679 2912 (vulgo).
