<?xml version="1.0" encoding="UTF-8"?>
<!DOCTYPE html PUBLIC "-//W3C//DTD XHTML 1.0 Transitional//EN"
    "http://www.w3.org/TR/xhtml1/DTD/xhtml1-transitional.dtd">
<html xmlns="http://www.w3.org/1999/xhtml" xml:lang="en" lang="en">
 <head>
  <title>
</title>
<meta http-equiv="Content-Type" content="text/html;charset=utf-8" />
  <meta name='ocr-system' content='tesseract 3.04.00' />
  <meta name='ocr-capabilities' content='ocr_page ocr_carea ocr_par ocr_line ocrx_word'/>
</head>
<body>
  <div class='ocr_page' id='page_1' title='image "./4626637_0027.png"; bbox 0 0 1947 3391; ppageno 0'>
   <div class='ocr_carea' id='block_1_1' title="bbox 1665 280 1724 324">
    <p class='ocr_par' dir='ltr' id='par_1_1' title="bbox 1665 280 1724 324">
     <span class='ocr_line' id='line_1_1' title="bbox 1665 280 1724 324; baseline -0.017 0"><span class='ocrx_word' id='word_1_1' title='bbox 1665 280 1724 324; x_wconf 82' lang='lat'>21</span> 
     </span>
    </p>
   </div>
   <div class='ocr_carea' id='block_1_2' title="bbox 230 419 1738 1976">
    <p class='ocr_par' dir='ltr' id='par_1_2' title="bbox 230 419 1730 904">
     <span class='ocr_line' id='line_1_2' title="bbox 230 419 1624 474; baseline -0.001 -11"><span class='ocrx_word' id='word_1_2' title='bbox 230 421 288 464; x_wconf 93' lang='grc' dir='ltr'>Μ.</span> <span class='ocrx_word' id='word_1_3' title='bbox 321 421 386 464; x_wconf 84' lang='grc' dir='ltr'>ΡΙ.</span> <span class='ocrx_word' id='word_1_4' title='bbox 422 423 491 474; x_wconf 86' lang='grc'>56,</span> <span class='ocrx_word' id='word_1_5' title='bbox 526 423 570 462; x_wconf 85' lang='grc'>5;</span> <span class='ocrx_word' id='word_1_6' title='bbox 605 419 798 474; x_wconf 80' lang='lat' dir='ltr'>corymbi</span> <span class='ocrx_word' id='word_1_7' title='bbox 829 419 1021 463; x_wconf 79' lang='lat' dir='ltr'>hederae</span> <span class='ocrx_word' id='word_1_8' title='bbox 1053 419 1147 473; x_wconf 92' lang='lat' dir='ltr'>poti</span> <span class='ocrx_word' id='word_1_9' title='bbox 1179 420 1250 463; x_wconf 85' lang='lat' dir='ltr'>vel</span> <span class='ocrx_word' id='word_1_10' title='bbox 1282 419 1397 462; x_wconf 87' lang='lat' dir='ltr'>inliti</span> <span class='ocrx_word' id='word_1_11' title='bbox 1429 421 1624 473; x_wconf 75' lang='lat' dir='ltr'>prosunt.</span> 
     </span>
     <span class='ocr_line' id='line_1_3' title="bbox 231 490 1730 544; baseline -0.001 -10"><span class='ocrx_word' id='word_1_12' title='bbox 231 491 324 535; x_wconf 89' lang='lat' dir='ltr'>Ser.</span> <span class='ocrx_word' id='word_1_13' title='bbox 347 505 388 535; x_wconf 88' lang='lat' dir='ltr'>v.</span> <span class='ocrx_word' id='word_1_14' title='bbox 411 494 520 534; x_wconf 85' lang='lat'>409:</span> <span class='ocrx_word' id='word_1_15' title='bbox 554 491 645 534; x_wconf 92' lang='lat' dir='ltr'>Aut</span> <span class='ocrx_word' id='word_1_16' title='bbox 676 491 868 534; x_wconf 86' lang='lat' dir='ltr'>hederae</span> <span class='ocrx_word' id='word_1_17' title='bbox 901 503 1029 534; x_wconf 91' lang='lat' dir='ltr'>sucus</span> <span class='ocrx_word' id='word_1_18' title='bbox 1061 494 1168 544; x_wconf 88' lang='lat' dir='ltr'>potu</span> <span class='ocrx_word' id='word_1_19' title='bbox 1200 490 1514 544; x_wconf 87' lang='lat' dir='ltr'>adpositusque</span> <span class='ocrx_word' id='word_1_20' title='bbox 1546 490 1730 534; x_wconf 86' lang='lat' dir='ltr'>iuvabit.</span> 
     </span>
     <span class='ocr_line' id='line_1_4' title="bbox 231 562 641 617; baseline -0.002 -11"><span class='ocrx_word' id='word_1_21' title='bbox 231 562 287 607; x_wconf 83' lang='lat' dir='ltr'>cf.</span> <span class='ocrx_word' id='word_1_22' title='bbox 320 562 433 606; x_wconf 91' lang='lat' dir='ltr'>Plin.</span> <span class='ocrx_word' id='word_1_23' title='bbox 467 565 538 617; x_wconf 79' lang='lat'>24,</span> <span class='ocrx_word' id='word_1_24' title='bbox 574 566 641 605; x_wconf 88' lang='lat'>76.</span> 
     </span>
     <span class='ocr_line' id='line_1_5' title="bbox 230 633 1730 688; baseline -0.001 -11"><span class='ocrx_word' id='word_1_25' title='bbox 230 635 287 678; x_wconf 89' lang='lat' dir='ltr'>M.</span> <span class='ocrx_word' id='word_1_26' title='bbox 321 634 387 677; x_wconf 92' lang='lat' dir='ltr'>Pl.</span> <span class='ocrx_word' id='word_1_27' title='bbox 423 637 493 688; x_wconf 94' lang='lat'>55,</span> <span class='ocrx_word' id='word_1_28' title='bbox 530 638 601 676; x_wconf 86' lang='lat'>18:</span> <span class='ocrx_word' id='word_1_29' title='bbox 647 633 769 688; x_wconf 88' lang='lat' dir='ltr'>Eius,</span> <span class='ocrx_word' id='word_1_30' title='bbox 815 633 887 686; x_wconf 92' lang='lat' dir='ltr'>qui</span> <span class='ocrx_word' id='word_1_31' title='bbox 930 633 1114 676; x_wconf 79' lang='lat' dir='ltr'>cottidie</span> <span class='ocrx_word' id='word_1_32' title='bbox 1157 633 1326 676; x_wconf 90' lang='lat' dir='ltr'>ieiunus</span> <span class='ocrx_word' id='word_1_33' title='bbox 1373 647 1522 678; x_wconf 87' lang='lat' dir='ltr'>ervum</span> <span class='ocrx_word' id='word_1_34' title='bbox 1575 633 1730 687; x_wconf 85' lang='lat' dir='ltr'>ederit,</span> 
     </span>
     <span class='ocr_line' id='line_1_6' title="bbox 443 704 1141 749; baseline 0.001 -2"><span class='ocrx_word' id='word_1_35' title='bbox 443 704 603 749; x_wconf 89' lang='lat' dir='ltr'>lienem</span> <span class='ocrx_word' id='word_1_36' title='bbox 635 704 828 748; x_wconf 78' lang='lat' dir='ltr'>consumi</span> <span class='ocrx_word' id='word_1_37' title='bbox 860 707 1028 748; x_wconf 89' lang='lat' dir='ltr'>certum</span> <span class='ocrx_word' id='word_1_38' title='bbox 1060 708 1141 748; x_wconf 88' lang='lat' dir='ltr'>est.</span> 
     </span>
     <span class='ocr_line' id='line_1_7' title="bbox 232 776 1623 831; baseline 0 -12"><span class='ocrx_word' id='word_1_39' title='bbox 232 777 325 820; x_wconf 84' lang='lat' dir='ltr'>Ser.</span> <span class='ocrx_word' id='word_1_40' title='bbox 348 790 389 820; x_wconf 89' lang='lat' dir='ltr'>v.</span> <span class='ocrx_word' id='word_1_41' title='bbox 413 779 518 819; x_wconf 87' lang='lat'>414:</span> <span class='ocrx_word' id='word_1_42' title='bbox 552 776 758 820; x_wconf 88' lang='lat' dir='ltr'>Nonnulli</span> <span class='ocrx_word' id='word_1_43' title='bbox 788 779 1034 820; x_wconf 90' lang='lat' dir='ltr'>memorant</span> <span class='ocrx_word' id='word_1_44' title='bbox 1066 776 1259 820; x_wconf 85' lang='lat' dir='ltr'>consumi</span> <span class='ocrx_word' id='word_1_45' title='bbox 1290 790 1419 831; x_wconf 89' lang='lat' dir='ltr'>posse</span> <span class='ocrx_word' id='word_1_46' title='bbox 1451 776 1623 830; x_wconf 89' lang='lat' dir='ltr'>lienem,</span> 
     </span>
     <span class='ocr_line' id='line_1_8' title="bbox 554 847 1653 904; baseline -0.001 -12"><span class='ocrx_word' id='word_1_47' title='bbox 554 847 600 892; x_wconf 83' lang='lat' dir='ltr'>Si</span> <span class='ocrx_word' id='word_1_48' title='bbox 632 848 704 903; x_wconf 87' lang='lat' dir='ltr'>qui</span> <span class='ocrx_word' id='word_1_49' title='bbox 736 861 886 894; x_wconf 88' lang='lat' dir='ltr'>ervum</span> <span class='ocrx_word' id='word_1_50' title='bbox 919 861 1091 903; x_wconf 86' lang='lat' dir='ltr'>semper</span> <span class='ocrx_word' id='word_1_51' title='bbox 1121 847 1265 892; x_wconf 90' lang='lat' dir='ltr'>ieiuno</span> <span class='ocrx_word' id='word_1_52' title='bbox 1299 847 1534 904; x_wconf 89' lang='lat' dir='ltr'>sumpserit</span> <span class='ocrx_word' id='word_1_53' title='bbox 1566 861 1653 892; x_wconf 91' lang='lat' dir='ltr'>ore.</span> 
     </span>
    </p>

    <p class='ocr_par' dir='ltr' id='par_1_3' title="bbox 230 919 1731 1261">
     <span class='ocr_line' id='line_1_9' title="bbox 351 919 1731 974; baseline 0 -12"><span class='ocrx_word' id='word_1_54' title='bbox 351 919 407 963; x_wconf 87' lang='lat' dir='ltr'>cf.</span> <span class='ocrx_word' id='word_1_55' title='bbox 440 920 552 963; x_wconf 93' lang='lat' dir='ltr'>Plin.</span> <span class='ocrx_word' id='word_1_56' title='bbox 587 924 656 974; x_wconf 80' lang='lat'>22,</span> <span class='ocrx_word' id='word_1_57' title='bbox 688 924 789 963; x_wconf 89' lang='lat'>151:</span> <span class='ocrx_word' id='word_1_58' title='bbox 829 920 866 963; x_wconf 92' lang='lat' dir='ltr'>si</span> <span class='ocrx_word' id='word_1_59' title='bbox 898 920 993 973; x_wconf 91' lang='lat' dir='ltr'>quis</span> <span class='ocrx_word' id='word_1_60' title='bbox 1026 933 1175 964; x_wconf 86' lang='lat' dir='ltr'>ervum</span> <span class='ocrx_word' id='word_1_61' title='bbox 1208 920 1391 966; x_wconf 79' lang='lat' dir='ltr'>cottidie</span> <span class='ocrx_word' id='word_1_62' title='bbox 1423 921 1593 964; x_wconf 90' lang='lat' dir='ltr'>ieiunus</span> <span class='ocrx_word' id='word_1_63' title='bbox 1626 920 1731 974; x_wconf 86' lang='lat' dir='ltr'>edit,</span> 
     </span>
     <span class='ocr_line' id='line_1_10' title="bbox 230 991 1503 1036; baseline 0.001 -2"><span class='ocrx_word' id='word_1_64' title='bbox 230 991 388 1035; x_wconf 90' lang='lat' dir='ltr'>lienem</span> <span class='ocrx_word' id='word_1_65' title='bbox 421 991 513 1036; x_wconf 92' lang='lat' dir='ltr'>eius</span> <span class='ocrx_word' id='word_1_66' title='bbox 545 991 714 1036; x_wconf 89' lang='lat' dir='ltr'>absumi</span> <span class='ocrx_word' id='word_1_67' title='bbox 747 991 981 1035; x_wconf 88' lang='lat' dir='ltr'>certissimi</span> <span class='ocrx_word' id='word_1_68' title='bbox 1013 994 1220 1035; x_wconf 85' lang='lat' dir='ltr'>auctores</span> <span class='ocrx_word' id='word_1_69' title='bbox 1253 991 1503 1035; x_wconf 87' lang='lat' dir='ltr'>adfirmant.</span> 
     </span>
     <span class='ocr_line' id='line_1_11' title="bbox 230 1063 1513 1119; baseline 0.001 -13"><span class='ocrx_word' id='word_1_70' title='bbox 230 1064 289 1107; x_wconf 91' lang='lat' dir='ltr'>M.</span> <span class='ocrx_word' id='word_1_71' title='bbox 322 1064 388 1107; x_wconf 92' lang='lat' dir='ltr'>Pl.</span> <span class='ocrx_word' id='word_1_72' title='bbox 424 1067 492 1119; x_wconf 89' lang='lat'>57,</span> <span class='ocrx_word' id='word_1_73' title='bbox 530 1068 572 1107; x_wconf 91' lang='lat'>1:</span> <span class='ocrx_word' id='word_1_74' title='bbox 606 1064 738 1107; x_wconf 88' lang='lat' dir='ltr'>haedi</span> <span class='ocrx_word' id='word_1_75' title='bbox 768 1064 857 1107; x_wconf 92' lang='lat' dir='ltr'>lien</span> <span class='ocrx_word' id='word_1_76' title='bbox 887 1063 1116 1118; x_wconf 88' lang='lat' dir='ltr'>impositus</span> <span class='ocrx_word' id='word_1_77' title='bbox 1148 1064 1264 1107; x_wconf 90' lang='lat' dir='ltr'>idem</span> <span class='ocrx_word' id='word_1_78' title='bbox 1296 1067 1513 1118; x_wconf 86' lang='lat' dir='ltr'>praestat.</span> 
     </span>
     <span class='ocr_line' id='line_1_12' title="bbox 233 1135 1474 1189; baseline 0 -11"><span class='ocrx_word' id='word_1_79' title='bbox 233 1135 325 1179; x_wconf 86' lang='lat' dir='ltr'>Ser.</span> <span class='ocrx_word' id='word_1_80' title='bbox 358 1149 400 1179; x_wconf 90' lang='lat' dir='ltr'>v.</span> <span class='ocrx_word' id='word_1_81' title='bbox 433 1138 541 1178; x_wconf 88' lang='lat'>417:</span> <span class='ocrx_word' id='word_1_82' title='bbox 577 1169 766 1179; x_wconf 89' lang='lat'><strong>.....</strong></span> <span class='ocrx_word' id='word_1_83' title='bbox 800 1136 872 1180; x_wconf 85' lang='lat' dir='ltr'>vel</span> <span class='ocrx_word' id='word_1_84' title='bbox 904 1136 1029 1189; x_wconf 87' lang='lat' dir='ltr'>splen</span> <span class='ocrx_word' id='word_1_85' title='bbox 1062 1135 1299 1189; x_wconf 86' lang='lat' dir='ltr'>adponitur</span> <span class='ocrx_word' id='word_1_86' title='bbox 1329 1135 1474 1179; x_wconf 89' lang='lat' dir='ltr'>haedi.</span> 
     </span>
     <span class='ocr_line' id='line_1_13' title="bbox 232 1205 671 1261; baseline 0 -12"><span class='ocrx_word' id='word_1_87' title='bbox 232 1205 288 1250; x_wconf 80' lang='lat' dir='ltr'>cf.</span> <span class='ocrx_word' id='word_1_88' title='bbox 321 1206 433 1249; x_wconf 83' lang='lat' dir='ltr'>Plin.</span> <span class='ocrx_word' id='word_1_89' title='bbox 469 1210 538 1261; x_wconf 81' lang='lat'>28,</span> <span class='ocrx_word' id='word_1_90' title='bbox 572 1211 671 1257; x_wconf 75' lang='lat'>201,</span> 
     </span>
    </p>

    <p class='ocr_par' dir='ltr' id='par_1_4' title="bbox 231 1277 1738 1976">
     <span class='ocr_line' id='line_1_14' title="bbox 350 1277 1734 1333; baseline -0.001 -13"><span class='ocrx_word' id='word_1_91' title='bbox 350 1277 473 1320; x_wconf 87' lang='lat' dir='ltr'>Fieri</span> <span class='ocrx_word' id='word_1_92' title='bbox 513 1280 674 1332; x_wconf 89' lang='lat' dir='ltr'>potest,</span> <span class='ocrx_word' id='word_1_93' title='bbox 716 1281 765 1320; x_wconf 94' lang='lat' dir='ltr'>ut</span> <span class='ocrx_word' id='word_1_94' title='bbox 803 1277 934 1320; x_wconf 91' lang='lat' dir='ltr'>alicui</span> <span class='ocrx_word' id='word_1_95' title='bbox 976 1277 1166 1321; x_wconf 84' lang='lat' dir='ltr'>Serenus</span> <span class='ocrx_word' id='word_1_96' title='bbox 1204 1277 1249 1320; x_wconf 91' lang='lat' dir='ltr'>in</span> <span class='ocrx_word' id='word_1_97' title='bbox 1287 1292 1328 1321; x_wconf 89' lang='lat' dir='ltr'>v.</span> <span class='ocrx_word' id='word_1_98' title='bbox 1368 1281 1456 1320; x_wconf 92' lang='lat'>414</span> <span class='ocrx_word' id='word_1_99' title='bbox 1493 1277 1634 1333; x_wconf 86' lang='lat' dir='ltr'>magis</span> <span class='ocrx_word' id='word_1_100' title='bbox 1677 1277 1734 1319; x_wconf 86' lang='lat' dir='ltr'>ad</span> 
     </span>
     <span class='ocr_line' id='line_1_15' title="bbox 232 1348 1735 1405; baseline 0 -13"><span class='ocrx_word' id='word_1_101' title='bbox 232 1349 420 1393; x_wconf 88' lang='lat' dir='ltr'>Plinium</span> <span class='ocrx_word' id='word_1_102' title='bbox 461 1350 673 1393; x_wconf 87' lang='lat' dir='ltr'>accedere</span> <span class='ocrx_word' id='word_1_103' title='bbox 713 1349 931 1394; x_wconf 85' lang='lat' dir='ltr'>videatur.</span> <span class='ocrx_word' id='word_1_104' title='bbox 1001 1349 1113 1393; x_wconf 91' lang='lat' dir='ltr'>Nam</span> <span class='ocrx_word' id='word_1_105' title='bbox 1150 1349 1196 1393; x_wconf 90' lang='lat' dir='ltr'>in</span> <span class='ocrx_word' id='word_1_106' title='bbox 1227 1349 1375 1395; x_wconf 88' lang='lat' dir='ltr'>verbis</span> <span class='ocrx_word' id='word_1_107' title='bbox 1412 1348 1652 1405; x_wconf 87' lang='lat' dir='ltr'>utriusque,</span> <span class='ocrx_word' id='word_1_108' title='bbox 1685 1352 1735 1392; x_wconf 86' lang='lat' dir='ltr'>ut</span> 
     </span>
     <span class='ocr_line' id='line_1_16' title="bbox 231 1421 1738 1476; baseline 0 -12"><span class='ocrx_word' id='word_1_109' title='bbox 231 1422 313 1464; x_wconf 91' lang='lat' dir='ltr'>hoc</span> <span class='ocrx_word' id='word_1_110' title='bbox 345 1421 513 1476; x_wconf 90' lang='lat' dir='ltr'>credat,</span> <span class='ocrx_word' id='word_1_111' title='bbox 535 1421 698 1464; x_wconf 89' lang='lat' dir='ltr'>mentio</span> <span class='ocrx_word' id='word_1_112' title='bbox 726 1424 953 1464; x_wconf 89' lang='lat' dir='ltr'>auctorum</span> <span class='ocrx_word' id='word_1_113' title='bbox 980 1434 1077 1464; x_wconf 89' lang='lat' dir='ltr'>eum</span> <span class='ocrx_word' id='word_1_114' title='bbox 1100 1422 1320 1464; x_wconf 89' lang='lat' dir='ltr'>adducere</span> <span class='ocrx_word' id='word_1_115' title='bbox 1346 1424 1509 1475; x_wconf 87' lang='lat' dir='ltr'>potest.</span> <span class='ocrx_word' id='word_1_116' title='bbox 1563 1422 1635 1464; x_wconf 93' lang='lat' dir='ltr'>Ad</span> <span class='ocrx_word' id='word_1_117' title='bbox 1656 1423 1738 1465; x_wconf 89' lang='lat' dir='ltr'>hoc</span> 
     </span>
     <span class='ocr_line' id='line_1_17' title="bbox 233 1492 1736 1547; baseline 0 -12"><span class='ocrx_word' id='word_1_118' title='bbox 233 1492 420 1547; x_wconf 86' lang='lat' dir='ltr'>accedit,</span> <span class='ocrx_word' id='word_1_119' title='bbox 454 1493 567 1546; x_wconf 89' lang='lat' dir='ltr'>quod</span> <span class='ocrx_word' id='word_1_120' title='bbox 605 1495 789 1545; x_wconf 91' lang='lat' dir='ltr'>uterque</span> <span class='ocrx_word' id='word_1_121' title='bbox 832 1492 1190 1546; x_wconf 87' lang='lat' dir='ltr'>compositionem</span> <span class='ocrx_word' id='word_1_122' title='bbox 1229 1492 1381 1536; x_wconf 89' lang='lat' dir='ltr'>eodem</span> <span class='ocrx_word' id='word_1_123' title='bbox 1415 1492 1736 1536; x_wconf 89' lang='lat' dir='ltr'>sententiarum</span> 
     </span>
     <span class='ocr_line' id='line_1_18' title="bbox 232 1563 1736 1617; baseline 0 -11"><span class='ocrx_word' id='word_1_124' title='bbox 232 1576 399 1607; x_wconf 84' lang='lat' dir='ltr'>conexu</span> <span class='ocrx_word' id='word_1_125' title='bbox 446 1589 500 1593; x_wconf 95' lang='lat'><strong>—</strong></span> <span class='ocrx_word' id='word_1_126' title='bbox 548 1563 664 1606; x_wconf 89' lang='lat' dir='ltr'>ratio</span> <span class='ocrx_word' id='word_1_127' title='bbox 716 1563 833 1606; x_wconf 87' lang='lat' dir='ltr'>inter</span> <span class='ocrx_word' id='word_1_128' title='bbox 884 1563 1096 1617; x_wconf 87' lang='lat' dir='ltr'>apodosin</span> <span class='ocrx_word' id='word_1_129' title='bbox 1153 1566 1198 1606; x_wconf 91' lang='lat' dir='ltr'>et</span> <span class='ocrx_word' id='word_1_130' title='bbox 1254 1563 1455 1617; x_wconf 88' lang='lat' dir='ltr'>protasin</span> <span class='ocrx_word' id='word_1_131' title='bbox 1520 1567 1588 1606; x_wconf 88' lang='lat' dir='ltr'>est</span> <span class='ocrx_word' id='word_1_132' title='bbox 1642 1577 1736 1607; x_wconf 90' lang='lat' dir='ltr'>con-</span> 
     </span>
     <span class='ocr_line' id='line_1_19' title="bbox 233 1634 1735 1690; baseline 0.001 -13"><span class='ocrx_word' id='word_1_133' title='bbox 233 1634 457 1677; x_wconf 88' lang='lat' dir='ltr'>ditionalis</span> <span class='ocrx_word' id='word_1_134' title='bbox 475 1660 530 1664; x_wconf 97' lang='lat'><strong>—</strong></span> <span class='ocrx_word' id='word_1_135' title='bbox 550 1635 767 1688; x_wconf 84' lang='lat' dir='ltr'>exprimit.</span> <span class='ocrx_word' id='word_1_136' title='bbox 816 1634 932 1677; x_wconf 86' lang='lat' dir='ltr'>Sane</span> <span class='ocrx_word' id='word_1_137' title='bbox 955 1634 1128 1687; x_wconf 91' lang='lat' dir='ltr'>quidem</span> <span class='ocrx_word' id='word_1_138' title='bbox 1148 1635 1259 1678; x_wconf 87' lang='lat' dir='ltr'>haec</span> <span class='ocrx_word' id='word_1_139' title='bbox 1281 1637 1431 1678; x_wconf 88' lang='lat' dir='ltr'>essent</span> <span class='ocrx_word' id='word_1_140' title='bbox 1460 1638 1735 1690; x_wconf 87' lang='lat' dir='ltr'>argumenta,</span> 
     </span>
     <span class='ocr_line' id='line_1_20' title="bbox 233 1705 1734 1761; baseline 0 -12"><span class='ocrx_word' id='word_1_141' title='bbox 233 1705 270 1749; x_wconf 88' lang='lat' dir='ltr'>si</span> <span class='ocrx_word' id='word_1_142' title='bbox 302 1705 473 1749; x_wconf 92' lang='lat' dir='ltr'>omnino</span> <span class='ocrx_word' id='word_1_143' title='bbox 500 1709 694 1749; x_wconf 88' lang='lat' dir='ltr'>restaret</span> <span class='ocrx_word' id='word_1_144' title='bbox 727 1705 958 1761; x_wconf 84' lang='lat' dir='ltr'>dubitatiO,</span> <span class='ocrx_word' id='word_1_145' title='bbox 991 1708 1133 1749; x_wconf 91' lang='lat' dir='ltr'>utrum</span> <span class='ocrx_word' id='word_1_146' title='bbox 1163 1705 1353 1749; x_wconf 87' lang='lat' dir='ltr'>Serenus</span> <span class='ocrx_word' id='word_1_147' title='bbox 1375 1705 1640 1749; x_wconf 89' lang='lat' dir='ltr'>Medicinam</span> <span class='ocrx_word' id='word_1_148' title='bbox 1668 1707 1734 1750; x_wconf 91' lang='lat' dir='ltr'>Pl.</span> 
     </span>
     <span class='ocr_line' id='line_1_21' title="bbox 233 1777 1734 1832; baseline 0 -11"><span class='ocrx_word' id='word_1_149' title='bbox 233 1778 527 1832; x_wconf 86' lang='lat' dir='ltr'>excerpsisset</span> <span class='ocrx_word' id='word_1_150' title='bbox 573 1790 723 1821; x_wconf 90' lang='lat' dir='ltr'>necne.</span> <span class='ocrx_word' id='word_1_151' title='bbox 805 1778 866 1820; x_wconf 91' lang='lat' dir='ltr'>At</span> <span class='ocrx_word' id='word_1_152' title='bbox 915 1790 968 1820; x_wconf 83' lang='lat' dir='ltr'>ex</span> <span class='ocrx_word' id='word_1_153' title='bbox 1016 1777 1128 1832; x_wconf 92' lang='lat' dir='ltr'>aliis,</span> <span class='ocrx_word' id='word_1_154' title='bbox 1181 1778 1253 1831; x_wconf 88' lang='lat' dir='ltr'>qui</span> <span class='ocrx_word' id='word_1_155' title='bbox 1303 1777 1578 1831; x_wconf 90' lang='lat' dir='ltr'>contulimus,</span> <span class='ocrx_word' id='word_1_156' title='bbox 1627 1778 1734 1821; x_wconf 86' lang='lat' dir='ltr'>locis</span> 
     </span>
     <span class='ocr_line' id='line_1_22' title="bbox 233 1848 1733 1904; baseline 0 -11"><span class='ocrx_word' id='word_1_157' title='bbox 233 1850 377 1893; x_wconf 90' lang='lat' dir='ltr'>elucet</span> <span class='ocrx_word' id='word_1_158' title='bbox 413 1852 590 1904; x_wconf 70' lang='lat' dir='ltr'>poetam</span> <span class='ocrx_word' id='word_1_159' title='bbox 627 1850 709 1894; x_wconf 91' lang='lat' dir='ltr'>hoc</span> <span class='ocrx_word' id='word_1_160' title='bbox 737 1852 870 1904; x_wconf 88' lang='lat' dir='ltr'>caput</span> <span class='ocrx_word' id='word_1_161' title='bbox 902 1848 1150 1893; x_wconf 87' lang='lat' dir='ltr'>Medicinae</span> <span class='ocrx_word' id='word_1_162' title='bbox 1172 1849 1237 1892; x_wconf 91' lang='lat' dir='ltr'>Pl.</span> <span class='ocrx_word' id='word_1_163' title='bbox 1267 1849 1524 1893; x_wconf 86' lang='lat' dir='ltr'>excussisse.</span> <span class='ocrx_word' id='word_1_164' title='bbox 1575 1850 1733 1904; x_wconf 88' lang='lat' dir='ltr'>Itaque</span> 
     </span>
     <span class='ocr_line' id='line_1_23' title="bbox 232 1921 1731 1976; baseline 0.001 -12"><span class='ocrx_word' id='word_1_165' title='bbox 232 1934 317 1964; x_wconf 90' lang='lat' dir='ltr'>non</span> <span class='ocrx_word' id='word_1_166' title='bbox 357 1924 438 1975; x_wconf 91' lang='lat' dir='ltr'>est,</span> <span class='ocrx_word' id='word_1_167' title='bbox 479 1922 591 1974; x_wconf 86' lang='lat' dir='ltr'>quod</span> <span class='ocrx_word' id='word_1_168' title='bbox 634 1921 722 1964; x_wconf 90' lang='lat' dir='ltr'>alia</span> <span class='ocrx_word' id='word_1_169' title='bbox 761 1921 881 1976; x_wconf 85' lang='lat' dir='ltr'>origo</span> <span class='ocrx_word' id='word_1_170' title='bbox 919 1921 1046 1964; x_wconf 92' lang='lat' dir='ltr'>huius</span> <span class='ocrx_word' id='word_1_171' title='bbox 1085 1921 1409 1975; x_wconf 87' lang='lat' dir='ltr'>compositionis</span> <span class='ocrx_word' id='word_1_172' title='bbox 1443 1922 1731 1966; x_wconf 86' lang='lat' dir='ltr'>desideretur.</span> 
     </span>
    </p>
   </div>
   <div class='ocr_carea' id='block_1_3' title="bbox 855 2111 1103 2156">
    <p class='ocr_par' dir='ltr' id='par_1_5' title="bbox 855 2111 1103 2156">
     <span class='ocr_line' id='line_1_24' title="bbox 855 2111 1103 2156; baseline -0.004 0"><span class='ocrx_word' id='word_1_173' title='bbox 855 2112 900 2156; x_wconf 78' lang='lat' dir='ltr'>G.</span> <span class='ocrx_word' id='word_1_174' title='bbox 933 2111 1103 2155; x_wconf 90' lang='grc' dir='ltr'>ΧΧΠΙ.</span> 
     </span>
    </p>
   </div>
   <div class='ocr_carea' id='block_1_4' title="bbox 226 2207 1732 2980">
    <p class='ocr_par' dir='ltr' id='par_1_6' title="bbox 229 2207 1732 2404">
     <span class='ocr_line' id='line_1_25' title="bbox 229 2207 1732 2269; baseline 0 -18"><span class='ocrx_word' id='word_1_175' title='bbox 229 2209 287 2252; x_wconf 93' lang='grc' dir='ltr'>Μ.</span> <span class='ocrx_word' id='word_1_176' title='bbox 317 2208 386 2269; x_wconf 90' lang='lat' dir='ltr'>Pl.</span> <span class='ocrx_word' id='word_1_177' title='bbox 421 2211 491 2263; x_wconf 88' lang='lat'>44,</span> <span class='ocrx_word' id='word_1_178' title='bbox 527 2213 569 2250; x_wconf 85' lang='lat'>3:</span> <span class='ocrx_word' id='word_1_179' title='bbox 604 2207 824 2251; x_wconf 83' lang='lat' dir='ltr'>sextarius</span> <span class='ocrx_word' id='word_1_180' title='bbox 857 2207 1032 2250; x_wconf 86' lang='lat' dir='ltr'>farinae</span> <span class='ocrx_word' id='word_1_181' title='bbox 1064 2207 1143 2249; x_wconf 89' lang='lat' dir='ltr'>lini</span> <span class='ocrx_word' id='word_1_182' title='bbox 1176 2208 1354 2251; x_wconf 89' lang='lat' dir='ltr'>seminis</span> <span class='ocrx_word' id='word_1_183' title='bbox 1387 2208 1607 2251; x_wconf 83' lang='lat' dir='ltr'>sextarius</span> <span class='ocrx_word' id='word_1_184' title='bbox 1641 2208 1732 2252; x_wconf 87' lang='lat' dir='ltr'>feni</span> 
     </span>
     <span class='ocr_line' id='line_1_26' title="bbox 443 2279 1731 2336; baseline 0.001 -13"><span class='ocrx_word' id='word_1_185' title='bbox 443 2280 594 2336; x_wconf 88' lang='lat' dir='ltr'>graeci</span> <span class='ocrx_word' id='word_1_186' title='bbox 631 2293 727 2324; x_wconf 89' lang='lat' dir='ltr'>cum</span> <span class='ocrx_word' id='word_1_187' title='bbox 763 2280 862 2334; x_wconf 89' lang='lat' dir='ltr'>pari</span> <span class='ocrx_word' id='word_1_188' title='bbox 904 2291 1109 2323; x_wconf 90' lang='lat' dir='ltr'>mensura</span> <span class='ocrx_word' id='word_1_189' title='bbox 1150 2279 1292 2323; x_wconf 89' lang='lat' dir='ltr'>mellis</span> <span class='ocrx_word' id='word_1_190' title='bbox 1334 2293 1388 2324; x_wconf 87' lang='lat' dir='ltr'>ex</span> <span class='ocrx_word' id='word_1_191' title='bbox 1433 2293 1548 2334; x_wconf 89' lang='lat' dir='ltr'>aqua</span> <span class='ocrx_word' id='word_1_192' title='bbox 1591 2281 1731 2324; x_wconf 89' lang='lat' dir='ltr'>mulsa</span> 
     </span>
     <span class='ocr_line' id='line_1_27' title="bbox 444 2350 1310 2404; baseline -0.001 -9"><span class='ocrx_word' id='word_1_193' title='bbox 444 2351 614 2395; x_wconf 91' lang='lat' dir='ltr'>decocti</span> <span class='ocrx_word' id='word_1_194' title='bbox 646 2351 778 2394; x_wconf 90' lang='lat' dir='ltr'>calidi</span> <span class='ocrx_word' id='word_1_195' title='bbox 809 2350 1090 2404; x_wconf 91' lang='lat' dir='ltr'>imponuntur</span> <span class='ocrx_word' id='word_1_196' title='bbox 1122 2350 1310 2404; x_wconf 88' lang='lat' dir='ltr'>saepius.</span> 
     </span>
    </p>

    <p class='ocr_par' dir='ltr' id='par_1_7' title="bbox 229 2422 1695 2479">
     <span class='ocr_line' id='line_1_28' title="bbox 229 2422 1695 2479; baseline -0.001 -11"><span class='ocrx_word' id='word_1_197' title='bbox 229 2424 322 2468; x_wconf 85' lang='lat' dir='ltr'>Ser.</span> <span class='ocrx_word' id='word_1_198' title='bbox 346 2438 386 2468; x_wconf 87' lang='lat' dir='ltr'>v.</span> <span class='ocrx_word' id='word_1_199' title='bbox 410 2428 516 2467; x_wconf 90' lang='lat'>431:</span> <span class='ocrx_word' id='word_1_200' title='bbox 550 2423 784 2479; x_wconf 82' lang='lat' dir='ltr'>Languida</span> <span class='ocrx_word' id='word_1_201' title='bbox 817 2422 854 2466; x_wconf 91' lang='lat' dir='ltr'>si</span> <span class='ocrx_word' id='word_1_202' title='bbox 887 2422 992 2465; x_wconf 91' lang='lat' dir='ltr'>duro</span> <span class='ocrx_word' id='word_1_203' title='bbox 1026 2425 1207 2478; x_wconf 86' lang='lat' dir='ltr'>turgent</span> <span class='ocrx_word' id='word_1_204' title='bbox 1240 2423 1502 2477; x_wconf 88' lang='lat' dir='ltr'>praecordia</span> <span class='ocrx_word' id='word_1_205' title='bbox 1534 2425 1695 2479; x_wconf 89' lang='lat' dir='ltr'>morbo,</span> 
     </span>
    </p>

    <p class='ocr_par' dir='ltr' id='par_1_8' title="bbox 548 2493 1726 2689">
     <span class='ocr_line' id='line_1_29' title="bbox 548 2493 1497 2537; baseline 0 0"><span class='ocrx_word' id='word_1_206' title='bbox 548 2495 760 2537; x_wconf 89' lang='lat' dir='ltr'>Miscetur</span> <span class='ocrx_word' id='word_1_207' title='bbox 790 2494 957 2537; x_wconf 90' lang='lat' dir='ltr'>mulsae</span> <span class='ocrx_word' id='word_1_208' title='bbox 990 2493 1124 2536; x_wconf 83' lang='lat' dir='ltr'>farris</span> <span class='ocrx_word' id='word_1_209' title='bbox 1157 2494 1378 2537; x_wconf 83' lang='lat' dir='ltr'>sextarius</span> <span class='ocrx_word' id='word_1_210' title='bbox 1409 2507 1497 2537; x_wconf 90' lang='lat' dir='ltr'>una</span> 
     </span>
     <span class='ocr_line' id='line_1_30' title="bbox 548 2563 1726 2620; baseline 0 -11"><span class='ocrx_word' id='word_1_211' title='bbox 548 2567 640 2609; x_wconf 89' lang='lat' dir='ltr'>Nec</span> <span class='ocrx_word' id='word_1_212' title='bbox 679 2579 766 2608; x_wconf 91' lang='lat' dir='ltr'>non</span> <span class='ocrx_word' id='word_1_213' title='bbox 804 2568 850 2608; x_wconf 89' lang='lat' dir='ltr'>et</span> <span class='ocrx_word' id='word_1_214' title='bbox 887 2564 965 2607; x_wconf 90' lang='lat' dir='ltr'>lini</span> <span class='ocrx_word' id='word_1_215' title='bbox 996 2567 1171 2608; x_wconf 89' lang='lat' dir='ltr'>tunsum</span> <span class='ocrx_word' id='word_1_216' title='bbox 1205 2563 1475 2618; x_wconf 88' lang='lat' dir='ltr'>siliquaeque</span> <span class='ocrx_word' id='word_1_217' title='bbox 1507 2565 1726 2620; x_wconf 87' lang='lat' dir='ltr'>legumen:</span> 
     </span>
     <span class='ocr_line' id='line_1_31' title="bbox 548 2636 1726 2689; baseline 0 -9"><span class='ocrx_word' id='word_1_218' title='bbox 548 2639 674 2680; x_wconf 91' lang='lat' dir='ltr'>Haec</span> <span class='ocrx_word' id='word_1_219' title='bbox 697 2637 880 2680; x_wconf 87' lang='lat' dir='ltr'>decocta</span> <span class='ocrx_word' id='word_1_220' title='bbox 903 2636 1029 2679; x_wconf 93' lang='lat' dir='ltr'>simul</span> <span class='ocrx_word' id='word_1_221' title='bbox 1045 2636 1321 2688; x_wconf 89' lang='lat' dir='ltr'>nondumque</span> <span class='ocrx_word' id='word_1_222' title='bbox 1344 2637 1544 2689; x_wconf 89' lang='lat' dir='ltr'>tepentia</span> <span class='ocrx_word' id='word_1_223' title='bbox 1560 2641 1726 2680; x_wconf 88' lang='lat' dir='ltr'>nectes.</span> 
     </span>
    </p>

    <p class='ocr_par' dir='ltr' id='par_1_9' title="bbox 228 2710 668 2765">
     <span class='ocr_line' id='line_1_32' title="bbox 228 2710 668 2765; baseline -0.002 -11"><span class='ocrx_word' id='word_1_224' title='bbox 228 2710 284 2754; x_wconf 86' lang='lat' dir='ltr'>cf.</span> <span class='ocrx_word' id='word_1_225' title='bbox 318 2710 430 2754; x_wconf 88' lang='lat' dir='ltr'>Plin.</span> <span class='ocrx_word' id='word_1_226' title='bbox 465 2714 534 2765; x_wconf 78' lang='lat'>20,</span> <span class='ocrx_word' id='word_1_227' title='bbox 569 2712 668 2753; x_wconf 80' lang='lat'>251.</span> 
     </span>
    </p>

    <p class='ocr_par' dir='ltr' id='par_1_10' title="bbox 226 2779 1728 2980">
     <span class='ocr_line' id='line_1_33' title="bbox 226 2779 1728 2838; baseline -0.002 -12"><span class='ocrx_word' id='word_1_228' title='bbox 226 2783 284 2826; x_wconf 93' lang='lat' dir='ltr'>M.</span> <span class='ocrx_word' id='word_1_229' title='bbox 319 2782 430 2825; x_wconf 91' lang='lat' dir='ltr'>Plin.</span> <span class='ocrx_word' id='word_1_230' title='bbox 464 2785 535 2838; x_wconf 91' lang='lat'>44,</span> <span class='ocrx_word' id='word_1_231' title='bbox 569 2785 614 2824; x_wconf 84' lang='lat'>8:</span> <span class='ocrx_word' id='word_1_232' title='bbox 658 2780 845 2836; x_wconf 88' lang='lat' dir='ltr'>cydonia</span> <span class='ocrx_word' id='word_1_233' title='bbox 886 2780 1021 2823; x_wconf 88' lang='lat' dir='ltr'>cruda</span> <span class='ocrx_word' id='word_1_234' title='bbox 1063 2780 1135 2823; x_wconf 79' lang='lat' dir='ltr'>vel</span> <span class='ocrx_word' id='word_1_235' title='bbox 1176 2782 1304 2822; x_wconf 89' lang='lat' dir='ltr'>cocta</span> <span class='ocrx_word' id='word_1_236' title='bbox 1342 2779 1481 2822; x_wconf 90' lang='lat' dir='ltr'>ceroti</span> <span class='ocrx_word' id='word_1_237' title='bbox 1516 2780 1643 2822; x_wconf 90' lang='lat' dir='ltr'>modo</span> <span class='ocrx_word' id='word_1_238' title='bbox 1682 2781 1728 2823; x_wconf 92' lang='lat' dir='ltr'>in</span> 
     </span>
     <span class='ocr_line' id='line_1_34' title="bbox 440 2850 1727 2908; baseline -0.001 -11"><span class='ocrx_word' id='word_1_239' title='bbox 440 2867 585 2908; x_wconf 91' lang='lat' dir='ltr'>panno</span> <span class='ocrx_word' id='word_1_240' title='bbox 629 2853 871 2897; x_wconf 88' lang='lat' dir='ltr'>inlinuntur</span> <span class='ocrx_word' id='word_1_241' title='bbox 919 2856 965 2896; x_wconf 91' lang='lat' dir='ltr'>et</span> <span class='ocrx_word' id='word_1_242' title='bbox 1009 2851 1231 2896; x_wconf 84' lang='lat' dir='ltr'>calefacta</span> <span class='ocrx_word' id='word_1_243' title='bbox 1275 2850 1548 2906; x_wconf 89' lang='lat' dir='ltr'>praecordiis</span> <span class='ocrx_word' id='word_1_244' title='bbox 1596 2864 1727 2907; x_wconf 84' lang='lat' dir='ltr'>super</span> 
     </span>
     <span class='ocr_line' id='line_1_35' title="bbox 439 2925 731 2980; baseline 0.003 -12"><span class='ocrx_word' id='word_1_245' title='bbox 439 2925 731 2980; x_wconf 87' lang='lat' dir='ltr'>imponuntur.</span> 
     </span>
    </p>
   </div>
  </div>
 </body>
</html>
