1947 3391
235 268 300 311 26
1628 256 1720 303 .*

880 406 925 449 O.
959 406 1104 448 XXX.

231 489 288 531 M.
323 488 389 531 Pl.
425 492 495 542 59,
532 493 577 530 9;
614 490 717 532 Colo
752 493 798 532 et
831 489 1029 533 omnibus
1060 489 1370 532 intestinorum
1403 488 1624 531 doloribus
1659 522 1667 530 .
1700 522 1708 530 .
1736 521 1743 530 .

555 594 563 602 .
615 560 915 604 efficacissime
963 559 1169 604 subvenit
1217 560 1313 604 avis
1360 559 1552 615 galerita
1601 592 1609 602 .
1646 593 1654 601 .
1691 593 1699 602 .
1736 592 1744 601 .

449 633 543 676 sive
576 633 675 686 ipsa
708 637 863 677 assata
895 634 940 676 in
973 633 1069 676 cibo
1103 636 1302 676 sumatur
1342 666 1530 676 .....

232 702 325 746 Ser.
351 716 392 746 v.
418 707 472 745 57
479 707 524 745 5:
550 704 712 746 Mande
735 704 972 758 galeritam
990 704 1211 747 volucrem
1234 716 1364 756 quam
1386 704 1560 746 nomine
1582 703 1744 746 dicunt.

232 774 290 818 cf.
324 775 438 819 Plin.
474 779 544 830 30,
580 780 649 819 62.
686 802 740 806 ——
774 775 921 819 Diosc.
955 793 997 817 π.
1032 776 1093 818 ὑλ.
1126 777 1231 829 ἰατρ.
1265 775 1322 830 ΙΙ,
1359 778 1427 819 59.

875 931 919 974 C.
953 930 1123 974 XXXI.

233 1014 291 1055 M.
326 1013 392 1056 Pl.
428 1018 498 1067 62,
536 1017 608 1056 11;
643 1012 805 1067 leporis
845 1014 1072 1057 cerebrum
1110 1012 1155 1055 in
1194 1013 1295 1057 vino
1337 1013 1503 1055 bibitur
1508 1046 1747 1067 ......

234 1086 327 1128 Ser.
352 1099 393 1128 v.
420 1089 528 1127 587:
564 1085 793 1139 Quondam
828 1083 962 1127 etiam
1000 1084 1132 1127 nimio
1172 1097 1387 1138 praeceps
1425 1084 1553 1128 urina
1586 1084 1750 1128 fluento

561 1155 735 1210 Inrigat
769 1154 952 1199 exuvias
985 1144 1265 1209 obscenoque*
1292 1155 1433 1198 inficit
1464 1155 1617 1198 imbre.

561 1228 670 1270 Tum
702 1226 866 1281 leporis
899 1228 1127 1270 cerebrum
1167 1240 1220 1269 ex
1253 1227 1355 1271 vino
1396 1230 1553 1281 potare
1585 1227 1749 1271 licebit.

236 1299 293 1341 cf.
329 1297 440 1342 Plin.
477 1302 547 1353 28,
582 1302 682 1341 215.

851 1430 896 1473 C.
930 1430 1145 1473 XXXIII.

239 1514 297 1556 M.
331 1514 397 1556 Pl.
434 1517 502 1567 23,
540 1517 612 1556 11:
656 1514 761 1556 lana
800 1513 953 1556 sucida
982 1513 1053 1557 <in
1087 1525 1218 1556 nares
1260 1511 1495 1557 coicitur>l
1530 1526 1625 1556 cum
1658 1514 1751 1556 oleo

456 1584 626 1628 rosacio
643 1587 688 1627 et
703 1584 928 1628 auriculae
945 1585 1050 1628 lana
1068 1583 1221 1628 sucida
1239 1584 1379 1638 spisse
1395 1585 1671 1639 obturantur,
1688 1618 1696 1628 .
1714 1618 1723 1627 .
1741 1618 1750 1627 .

240 1656 334 1699 Ser.
358 1670 399 1700 v.
426 1661 532 1699 630:
567 1657 695 1699 Lana
737 1657 832 1700 oleo
865 1656 1061 1710 madefit,
1096 1656 1175 1699 sed
1206 1657 1397 1699 nondum
1429 1657 1554 1699 lauta
1586 1659 1750 1699 rosato.

563 1728 689 1771 Haec
712 1728 845 1771 datur
870 1728 915 1770 in
942 1740 1075 1770 nares
1101 1728 1172 1772 vel
1201 1726 1369 1770 claudit
1401 1727 1579 1771 densius
1608 1740 1750 1770 aures.

239 1799 297 1843 cf.
331 1799 444 1842 Plin.
481 1803 550 1853 29,
586 1803 655 1842 31.

857 1931 902 1974 C.
936 1931 1146 1973 XXXIV.

239 2016 298 2058 M.
332 2015 398 2058 Pl.
437 2019 535 2069 105,
572 2019 644 2058 18:
681 2014 862 2070 sanguis
894 2013 1235 2068 vespertilionis.

240 2086 333 2129 Ser.
354 2099 394 2129 v.
416 2090 520 2128 663:
550 2087 669 2141 Ergo
701 2087 842 2129 locum
876 2085 1009 2128 crinis
1041 2085 1154 2128 vulsi
1183 2085 1390 2140 continge
1424 2098 1590 2139 cruore,

548 2158 685 2213 Quem
699 2157 779 2200 dat
790 2157 900 2212 avis,
912 2156 1112 2200 tremulis
1128 2156 1307 2200 simulat
1319 2169 1430 2210 quae
1442 2156 1628 2211 pellibus
1643 2157 1752 2201 alas.

240 2229 297 2273 cf.
332 2229 445 2272 Plin.
481 2234 551 2283 30,
589 2233 686 2272 132.

239 2302 297 2345 M.
332 2302 397 2345 Pl.
430 2305 528 2356 105,
566 2305 638 2344 13;
682 2300 988 2356 Sanguisugae
1029 2300 1160 2345 vivae
1203 2303 1351 2343 tostae
1392 2299 1438 2343 in
1475 2313 1583 2345 vaso
1626 2299 1752 2344 fictili

457 2386 511 2416 ex
559 2376 686 2416 aceto
739 2372 982 2415 inlinuntur
1034 2385 1112 2426 per
1165 2373 1297 2414 horas
1345 2376 1451 2426 tres,
1501 2372 1661 2415 deinde
1708 2372 1753 2415 in

456 2445 615 2488 balneo
648 2445 898 2487 abluuntur.

240 2517 333 2561 Ser.
358 2531 399 2561 v.
426 2521 530 2560 670:
565 2517 657 2559 Nec
690 2529 777 2559 non
810 2529 833 2558 e
867 2515 1039 2570 stagnis
1073 2515 1350 2558 cessantibus
1384 2516 1485 2559 exul
1516 2515 1671 2559 hirudo

565 2587 760 2632 Sumitur
793 2590 839 2631 et
870 2587 1024 2632 vivens
1057 2586 1207 2631 Samia
1239 2590 1435 2631 torretur
1466 2586 1512 2630 in
1545 2587 1650 2631 olla:

563 2661 689 2719 Haec
729 2659 869 2703 acidis
907 2659 1063 2715 unguit
1094 2659 1317 2713 permixta
1355 2658 1595 2713 liquoribus
1627 2662 1752 2702 artus

563 2731 862 2784 Evulsamque
895 2733 1022 2774 vetat
1053 2742 1204 2773 rursus
1236 2742 1518 2784 procrescere
1550 2729 1720 2774 silvam.

240 2805 297 2849 cf.
332 2804 444 2847 Plin.
481 2807 550 2858 32,
588 2807 686 2847 136.

364 2923 370 2942 ¹
398 2921 508 2958 lectio
534 2922 587 2957 ed.
608 2921 721 2966 princ.
742 2931 770 2965 r,
791 2931 883 2965 quae
904 2920 1137 2956 confirmatur
1156 2920 1278 2955 codice
1293 2920 1439 2955 R.-Vat.
1470 2920 1528 2965 (cf.
1543 2931 1577 2965 p.
1591 2922 1645 2964 12,
1659 2923 1750 2966 not.)

928 3104 941 3130 ἶ
