1947 3391
1684 276 1747 321 47

246 512 357 556 Plin.
393 516 463 567 24,
497 515 573 555 42:
608 511 803 567 (lentisci
835 511 915 569 sc.)
949 511 1058 554 folia
1092 544 1100 552 .
1138 545 1145 551 .
1182 545 1189 552 .
1225 510 1429 564 capillum
1462 510 1638 565 tinguit.

246 588 315 637 24,
351 588 427 626 52:
463 584 578 626 acini
623 584 717 626 eius
760 582 840 639 (sc.
886 581 1056 638 sabuci)
1101 582 1361 625 infirmiores
1407 595 1535 635 quam
1579 582 1748 635 reliqua

459 654 638 709 tingunt
670 654 888 709 capillum,
924 687 933 696 .
969 688 977 696 .
1014 687 1022 695 .

247 738 340 781 Ser.
373 752 414 782 v.
448 741 527 781 47:
561 738 643 782 His
675 738 857 793 prodest
890 771 1077 780 .....

559 810 643 852 Vel
674 809 796 852 frons
828 810 1004 852 lentisci
1034 810 1106 853 vel
1138 809 1284 852 tristia
1316 823 1445 863 poma
1478 810 1639 853 sabuci.

244 938 358 981 Plin.
392 943 462 993 28,
499 943 604 981 191:
638 940 821 993 prodest
866 944 911 982 et
955 953 1075 993 sapo,
1122 940 1347 982 Gallorum
1391 941 1472 982 hoc
1519 940 1743 983 iuventum

458 1010 691 1053 rutilandis
723 1010 905 1065 capillis.
939 1010 988 1053 fit
1022 1023 1075 1053 ex
1109 1011 1210 1054 sebo
1251 1018 1296 1053 et
1329 1010 1474 1053 cinere
1510 1042 1742 1053 ......

245 1093 337 1136 Ser.
364 1107 404 1138 v.
440 1098 514 1137 52:
548 1094 620 1137 Ad
651 1094 825 1138 rutilam
860 1094 1048 1149 speciem
1080 1094 1228 1149 nigros
1259 1094 1501 1139 flavescere
1534 1094 1677 1138 crines

556 1166 789 1220 Unguento
811 1165 969 1209 cineris
992 1165 1215 1219 praedixit
1239 1166 1405 1208 Tullius
1429 1165 1549 1221 (cod;
1573 1166 1742 1208 Plinius

742 1236 892 1294 vulgo)
925 1242 1089 1281 auct-or.

242 1367 353 1410 Plin.
390 1372 458 1423 30,
497 1372 600 1411 134:
636 1368 878 1422 Supercilia
923 1368 1145 1423 denigrari
1188 1368 1348 1411 muscis
1393 1368 1512 1411 tritis
1544 1369 1739 1423 tradunt,

456 1440 493 1483 si
535 1453 639 1484 vero
684 1440 797 1483 oculi
839 1439 954 1495 nigri
985 1440 1258 1483 nascentium
1302 1440 1521 1495 placeant,
1556 1440 1740 1483 soricem

456 1511 723 1565 praegnanti
756 1511 983 1553 edendum.

236 1593 333 1636 Ser.
366 1607 408 1637 v.
443 1597 516 1637 55:
551 1593 598 1636 Si
629 1606 879 1648 praegnans
911 1597 1034 1636 artus
1066 1593 1231 1647 captivi
1263 1594 1413 1637 soricis
1446 1594 1538 1637 edit

554 1665 771 1708 Dicuntur
803 1664 921 1708 fetus
952 1665 1175 1720 nigrantia
1205 1665 1368 1708 lumina
1399 1665 1517 1720 fingi.

358 1784 590 1828 Assentior
621 1784 905 1840 Baehrensio,
939 1784 1072 1837 quiin
1104 1798 1144 1828 v.
1181 1789 1234 1828 53
1257 1784 1489 1828 lectionem
1515 1785 1741 1840 vulgatam

239 1857 373 1899 verbo
426 1856 621 1899 codicum
695 1856 908 1910 praefert.
1001 1857 1112 1899 Nam
1181 1856 1335 1900 Sereni
1406 1858 1543 1901 verba
1610 1858 1740 1911 plane

239 1927 505 1981 respondere
556 1926 673 1970 Plini
723 1927 817 1970 loco
870 1927 1050 1970 laudato
1113 1940 1237 1970 nemo
1297 1927 1490 1982 negabit.
1574 1928 1741 1971 Tamen

239 1998 399 2053 nescio,
448 1999 550 2052 quid
597 2002 964 2042 commentatores
1010 1999 1272 2041 Keuchenus
1320 2002 1366 2042 et
1408 1999 1740 2042 Ackermannus

133 2054 158 2110 ¹.
239 2070 390 2116 velint.
453 2070 514 2113 Hi
546 2070 669 2115 enim
706 2070 838 2114 alium
877 2071 1018 2114 locum
1049 2070 1297 2113 Plinianum
1338 2070 1537 2125 afferunt,
1572 2071 1742 2114 scilicet

239 2147 310 2198 23,
351 2147 424 2186 67:
469 2142 558 2200 ,(de
599 2142 724 2186 faece
763 2141 897 2199 aceti)
941 2146 986 2185 et
1026 2143 1135 2185 haec
1174 2147 1370 2185 cremata
1401 2142 1585 2197 ampliat
1616 2125 1746 2187 viris.⁹

240 2215 362 2259 Tunc
424 2214 575 2259 addito
636 2214 868 2258 lentiscino
932 2213 1026 2258 oleo
1088 2213 1217 2257 inlita
1279 2226 1366 2257 una
1427 2218 1556 2258 nocte
1617 2214 1741 2257 rufat

240 2286 472 2340 capillum‘.
536 2286 623 2329 Sed
657 2286 774 2340 ,faex
806 2286 922 2328 aceti
954 2289 1148 2328 cremata
1177 2285 1327 2328 addito
1361 2286 1454 2328 oleo
1491 2286 1738 2330 lentiscino‘

238 2356 414 2399 minime
445 2356 560 2400 idem
593 2360 661 2400 est
693 2365 825 2409 atque
859 2359 1140 2410 ,unguentum
1172 2355 1358 2398 cineris‘.
1413 2356 1508 2398 Hoc
1540 2368 1644 2400 vero
1678 2356 1740 2398 nil

239 2427 358 2471 aliud
391 2433 459 2472 est
491 2441 619 2482 quam
652 2440 770 2482 sapo,
805 2440 928 2480 quem
961 2426 1057 2469 fieri
1090 2439 1113 2469 e
1155 2427 1258 2469 sebo
1302 2430 1347 2469 et
1387 2426 1532 2470 cinere
1570 2427 1739 2471 Plinius

239 2499 287 2556 (l.
319 2499 368 2557 l.)
401 2500 554 2543 tradit.

921 2666 966 2708 G.
1000 2666 1052 2708 V.

238 2762 350 2806 Plin.
386 2766 455 2818 24,
492 2766 564 2805 79:
598 2760 779 2804 lacrima
811 2760 1002 2804 hederae
1019 2759 1248 2813 psilotrum
1281 2763 1349 2803 est
1374 2760 1739 2815 phthiriasimque

453 2833 581 2877 tollit.

239 2917 331 2960 Ser.
366 2928 419 2962 v.·
442 2921 516 2960 67:
550 2916 638 2960 Aut
670 2915 861 2959 lacrimis
894 2915 1053 2958 ederae
1088 2949 1276 2957 .....
