1947 3391
1660 316 1722 359 27

343 451 533 495 Serenus
585 465 736 495 vocem
783 453 840 495 Μ.
885 451 1117 495 Plinianae
1175 452 1331 506 ,vivae‘
1375 452 1619 495 ‘metricam
1674 453 1726 494 ob

224 535 402 566 causam
448 522 493 565 in
550 523 730 578 ,vivens‘
782 526 977 567 mutasse
1028 523 1218 567 videtur.
1304 523 1524 578 ,Samiam‘
1580 527 1727 566 autem

223 595 353 637 ollam
370 593 478 637 nihil
495 594 615 637 aliud
638 608 767 648 quam
789 595 969 639 fictilem
986 608 1084 638 esse
1101 598 1291 638 constat.
1327 594 1383 638 cf.
1402 594 1515 638 Plin.
1536 599 1605 649 35,
1629 599 1725 638 160.

222 666 359 709 Porro
407 664 597 709 adiciam
641 679 707 722 ea,
754 680 864 720 quae
882 670 891 675 '
909 666 1100 710 Serenus
1145 669 1251 709 ante
1294 680 1386 710 rem
1428 666 1570 720 ipsam
1614 665 1727 708 dixit

223 735 283 792 (v.
343 740 427 779 656
485 736 583 793 sq.),
650 738 839 781 strictim
906 741 1095 793 tangere
1155 741 1461 792 argumentum
1517 737 1727 791 prooemii

222 806 469 850 Medicinae
515 807 581 851 Pl.
635 807 695 865 (p.
734 812 830 863 105,
871 812 895 852 5
939 807 1023 865 sq.)
1067 811 1113 851 et
1146 821 1211 851 ex.
1254 822 1319 863 gr.
1364 809 1551 862 ,evulsos
1600 808 1725 861 pilos‘

221 878 266 922 in
298 893 338 923 v.
375 883 458 923 663
493 882 539 923 et
572 884 655 923 673
688 879 847 924 iterum
878 879 1080 925 inveniri.

840 1072 885 1115 G.
918 1072 1105 1115 XXXV.

220 1169 279 1211 M.
312 1168 377 1210 Pl.
412 1172 481 1223 63,
516 1172 592 1211 21:
627 1168 684 1211 ad
715 1167 831 1211 idem
863 1166 968 1211 faex
999 1167 1091 1212 vini
1121 1167 1333 1210 inlinitur.

222 1240 315 1283 Ser.
349 1253 389 1283 v.
425 1243 528 1282 679:
563 1239 711 1282 Faece
745 1239 879 1282 etiam
911 1239 1002 1283 vini
1034 1239 1250 1293 genitalia
1282 1240 1406 1281 lauta
1438 1239 1656 1283 levantur.

222 1311 279 1355 cf.
312 1311 424 1354 Plin.
459 1315 529 1366 23,
564 1314 633 1354 65.

220 1384 278 1427 Μ.
326 1383 392 1426 Pl.
443 1386 512 1438 64,
557 1386 630 1425 13:
684 1385 877 1425 tumores
929 1382 1110 1425 testium
1162 1382 1334 1425 marina
1387 1395 1503 1435 aqua
1554 1381 1725 1424 utiliter

436 1453 655 1499 foventur.
1503 1476 1506 1479 ³

223 1525 315 1569 Ser.
349 1539 391 1569 v.
426 1529 529 1568 680:
563 1526 625 1568 Et
649 1525 840 1568 tumidos
872 1528 1013 1568 testes
1045 1526 1207 1568 Nereia
1238 1526 1417 1579 lympha
1450 1526 1666 1568 cohercet.

223 1596 279 1640 cf.
313 1596 425 1639 Plin.
461 1600 529 1651 31,
565 1600 634 1640 65.

222 1669 280 1712 M.
307 1668 372 1711 Pl.
409 1672 477 1723 63,
505 1672 577 1711 14:
611 1668 731 1712 bulbi
762 1667 860 1711 triti
893 1681 947 1711 ex
978 1667 1080 1713 vino
1114 1668 1251 1711 mulso
1284 1667 1447 1711 inliniti
1478 1668 1722 1711 medentur.

223 1740 316 1783 Ser.
349 1754 391 1784 v.
426 1744 532 1783 681:
567 1741 649 1784 Vel
680 1740 800 1783 bulbi
833 1753 887 1783 ex
917 1741 1055 1783 mulso
1091 1774 1414 1783 ........

182 1812 187 1816 ’
223 1811 279 1855 ef.
312 1811 424 1855 Plin.
459 1816 529 1867 20,
566 1815 662 1855 103.

222 1884 279 1926 M.
303 1884 369 1926 Pl.
394 1888 463 1938 63,
491 1887 565 1926 19:
601 1883 708 1926 faba
729 1884 774 1926 in
795 1883 896 1927 vino
920 1887 1047 1927 cocta
1069 1887 1115 1926 et
1137 1883 1330 1927 contrita
1351 1883 1568 1927 inflationi
1573 1917 1721 1938 .....

223 1954 315 1999 Ser.
338 1969 379 2000 v.
405 1958 521 1999 682.k
542 1955 634 1999 Aut
666 1954 773 1999 faba
805 1968 900 1999 cum
933 1954 1095 2009 tepidis
1122 1954 1287 1998 Bacchi
1314 1955 1500 1998 decocta
1531 1954 1721 1998 fluentis.

222 2026 278 2069 cf.
312 2027 424 2070 Plin.
458 2030 528 2081 22,
565 2030 662 2070 140.
692 2032 695 2034 ’

221 2099 279 2141 Μ.
311 2098 378 2142 Pl.
413 2101 482 2153 64,
519 2102 590 2143 18:
626 2098 801 2142 cocleae
826 2097 1020 2142 minutae
1053 2097 1189 2141 tritae
1222 2111 1276 2141 ex
1307 2098 1435 2141 melle
1467 2097 1720 2141 inlinuntur.

222 2169 314 2212 Ser.
338 2183 379 2213 v.
405 2173 507 2211 686:
544 2169 620 2212 Sin
652 2172 799 2212 autem
832 2168 994 2212 existet
1027 2170 1198 2212 durat-is
1229 2169 1464 2224 glandibus
1495 2169 1670 2224 inguen,

165 2282 169 2285 .
540 2240 746 2284 Proderit
776 2240 924 2284 induci
956 2240 1129 2284 cocleas
1161 2254 1257 2284 cum
1289 2241 1418 2284 melle
1449 2240 1654 2284 minutas.

223 2312 278 2356 of.
312 2312 424 2356 Piin.
459 2317 528 2367 30,
564 2316 631 2355 75.

340 2385 437 2429 Non
488 2386 557 2429 est
607 2383 775 2440 mirum,
829 2384 943 2438 quod
995 2386 1129 2439 poeta
1182 2384 1550 2440 significationem
1603 2385 1722 2429 vocis

223 2456 462 2512 ,inlinitur‘,
512 2469 623 2510 quae
670 2457 725 2499 ab
779 2459 960 2500 auctore
1003 2456 1252 2500 Medicinae
1296 2458 1362 2501 Pl.
1417 2457 1720 2512 exhibebatur,

221 2529 355 2573 verbo
390 2529 570 2584 ,lavare‘
604 2527 823 2582 expressit
855 2526 916 2585 (v.
952 2526 1071 2585 679).

831 2719 876 2762 C.
908 2719 1119 2763 XXXVI.

220 2817 278 2860 M.
318 2816 384 2859 Pl.
423 2820 493 2871 43,
529 2820 573 2858 9:
623 2814 825 2871 genistae
876 2813 989 2857 rami
1040 2815 1238 2869 plurimis
1291 2815 1444 2859 diebus
1495 2815 1540 2859 in
1593 2820 1720 2859 aceto

434 2890 729 2943 macerantur,
777 2885 936 2931 deinde
980 2887 1225 2931 tunduntur
1269 2890 1315 2931 et
1359 2890 1618 2941 coquuntur:
1666 2901 1720 2931 ex

435 2973 485 3004 eo
518 2973 620 3003 suco
653 2959 835 3003 cottidie
868 2960 1055 3014 cyathus
1086 2960 1209 3014 potui
1242 2960 1386 3003 datur.
