1947 3391
257 265 322 310 24

373 404 565 448 Serenus
597 404 690 448 iure
717 404 825 448 illud
858 403 1053 458 sulphuri
1086 403 1349 446 attributum
1375 403 1580 446 omittere
1604 402 1760 457 potuit.

253 475 470 530 Sulphure
494 475 608 518 enim
630 475 746 530 vivo,
776 479 825 519 ut
853 475 918 518 ait
945 474 1114 517 Plinius
1148 478 1217 529 35,
1246 478 1343 529 175,
1367 475 1458 518 solo
1492 487 1546 518 ex
1566 474 1762 517 omnibus

251 547 488 602 generibus
520 546 679 591 medici
710 550 906 591 utuntur.
971 545 1027 589 ef.
1061 559 1102 590 v.
1137 548 1237 589 451.
1291 541 1306 556 ⁴

900 688 944 732 O.
978 688 1120 732 XXV.

250 775 308 818 M.
343 775 409 818 Pl.
446 778 516 829 53,
555 777 626 817 14:
662 786 747 817 ova
780 786 834 816 ex
867 776 994 816 aceto
1027 775 1311 815 macerantur
1344 784 1398 815 ex
1429 772 1497 815 his
1531 776 1576 815 et
1615 772 1762 815 farina

469 850 514 889 et
547 858 662 899 aqua
695 844 821 899 panis
854 843 1059 887 coeliacis
1090 843 1153 887 fit.

252 918 345 961 Ser.
371 932 411 962 v.
436 921 542 961 488:
579 916 804 960 Coeliacos
838 919 986 959 autem
1017 915 1242 959 recreabis
1273 928 1389 969 pane
1422 916 1601 971 salubri,

575 988 712 1044 Quem
744 987 921 1031 madido
955 986 1076 1030 farre
1109 986 1270 1031 efficies
1303 999 1356 1030 ac
1388 986 1590 1031 mollibus
1623 988 1729 1043 ovis,

573 1060 764 1115 Quorum
796 1062 917 1102 testa
950 1058 1045 1101 fero
1078 1058 1199 1113 prius
1233 1061 1475 1103 evanescat
1508 1062 1635 1102 aceto
1648 1058 1675 1103 ¹.

250 1133 307 1176 cf.
341 1132 454 1175 Plin.
490 1136 559 1186 29,
593 1135 664 1174 49.
1325 1188 1328 1190 q

249 1205 307 1247 M.
331 1204 397 1246 Pl.
433 1207 502 1257 51,
534 1206 605 1245 14:
642 1215 720 1256 per
753 1215 800 1245 se
833 1202 954 1245 bulbi
986 1202 1085 1244 triti
1118 1202 1280 1245 dantur
1312 1202 1357 1245 in
1389 1202 1491 1246 vino
1526 1205 1758 1246 austero:

465 1274 585 1328 potio
618 1273 828 1316 miscetur
861 1273 1045 1316 caelesti
1078 1286 1206 1326 aqua.

249 1346 343 1389 Ser.
366 1360 407 1390 v.
431 1349 538 1389 491:
573 1344 734 1388 Refert
766 1348 812 1387 et
843 1347 1012 1388 teretes
1045 1345 1199 1388 bulbos
1231 1344 1400 1388 mollire
1432 1345 1617 1388 terendo

573 1417 765 1470 Cumque
797 1416 866 1460 his
897 1416 1067 1459 Lenaei
1100 1417 1279 1460 durum
1312 1419 1467 1470 potare.
1500 1416 1723 1460 fluentum.

250 1489 307 1533 cf.
340 1488 453 1532 Plin.
489 1493 558 1544 20,
596 1492 693 1532 104.

882 1584 927 1626 Ο.
962 1585 1128 1627 XXVI.

249 1668 307 1711 M.
340 1667 406 1710 Pl.
436 1670 505 1722 95,
542 1671 617 1710 22:
651 1666 827 1710 radices
860 1666 1057 1710 sambuci
1090 1666 1134 1709 in
1166 1666 1268 1727 vino
1302 1667 1604 1720 decoquuntur
1637 1671 1682 1710 et
1709 1681 1762 1710 ex

465 1738 618 1781 eodem
643 1738 745 1783 vino
779 1738 863 1781 duo
893 1738 1045 1793 cyathi
1076 1738 1171 1792 poti
1199 1738 1462 1793 hydropicos
1489 1738 1760 1783 exinaniunt.

249 1811 343 1855 Ser.
367 1825 408 1856 v.
433 1814 540 1854 498:
576 1810 819 1855 Conveniet
852 1813 1035 1853 tenerae
1067 1810 1197 1853 radix
1230 1810 1415 1854 decocta
1448 1810 1599 1854 sabuci

572 1883 624 1924 In
656 1882 843 1937 geminis
877 1881 1010 1925 calidi
1042 1882 1216 1936 cyathis
1248 1883 1445 1936 potanda
1478 1883 1631 1936 Lyaei.

249 1953 307 1997 ef.
342 1953 456 1997 Plin.
492 1957 562 2008 24,
598 1956 667 1996 52.

248 2026 306 2069 M.
340 2025 406 2068 Pl.
442 2029 512 2078 96,
549 2029 622 2067 11:
657 2025 927 2068 helleborum
961 2028 1189 2067 contusum
1222 2028 1271 2067 ut
1313 2025 1372 2068 sit
1404 2025 1566 2079 pulvis:
1602 2025 1762 2068 deinde

466 2095 839 2139 commiscebimus
871 2095 979 2138 illud
1010 2095 1235 2139 radicibus
1270 2130 1458 2139 .....

248 2167 342 2211 Ser.
367 2181 408 2211 v.
435 2170 540 2210 506:
574 2167 781 2210 Elleboro
814 2168 926 2210 bene
959 2169 1176 2222 purgatur
1207 2167 1502 2222 lymphaticus
1536 2181 1670 2211 error.

249 2238 306 2282 cf.
340 2238 454 2282 Plin.
490 2241 560 2293 25,
596 2242 665 2280 60.

368 2310 539 2353 Plinius
566 2310 744 2354 diversa
770 2323 937 2365 genera
963 2310 1176 2354 hellebori
1199 2310 1434 2366 distinguit
1460 2313 1593 2365 atque
1616 2311 1761 2355 album

248 2383 409 2436 probat
452 2381 661 2435 optimum
702 2381 1041 2435 hydropicisque
1084 2382 1377 2435 aptissimum,
1421 2386 1576 2425 auctor
1614 2386 1762 2426 autem

248 2452 498 2496 Medicinae
520 2452 603 2506 Pl.,
630 2452 747 2506 apud
780 2464 905 2505 quem
938 2452 1050 2495 talia
1078 2452 1402 2507 desiderantur,
1425 2465 1549 2496 usum
1580 2453 1761 2507 plantae

247 2523 294 2566 in
335 2524 561 2577 pulverem
604 2526 816 2565 contusae
857 2523 1031 2576 copiose
1074 2523 1281 2576 explicat.
1352 2523 1398 2566 Si
1443 2523 1616 2576 quidem
1656 2523 1762 2567 licet

248 2593 361 2638 Plin.
398 2597 468 2649 25,
497 2596 551 2636 55
601 2592 774 2648 afferre,
822 2593 961 2636 conici
1003 2596 1152 2648 potest
1192 2593 1408 2649 nigrum
1455 2593 1596 2637 solere
1633 2594 1763 2637 helle-

248 2667 401 2708 borum
435 2665 636 2707 adhiberi
670 2677 696 2707 a
728 2664 924 2708 medicis.
983 2666 1184 2708 Gonexus
1215 2665 1352 2720 igitur
1383 2665 1500 2709 inter
1531 2668 1762 2719 utrumque

250 2740 476 2779 auctorem
508 2736 653 2779 nullus
686 2739 767 2779 est.
832 2736 873 2778 A
905 2739 1038 2789 poeta
1071 2749 1190 2791 vero,
1224 2728 1308 2789 qui'
1328 2736 1599 2791 generaliter
1631 2737 1686 2779 de
1717 2736 1763 2781 vi

372 2855 381 2874 ¹
396 2854 638 2890 Baehrensius
649 2865 774 2890 versus
786 2854 911 2890 Sereni
926 2854 1018 2890 falso
1033 2854 1279 2899 interpunxit3
1294 2854 1354 2898 qui
1368 2855 1542 2899 quomodo
1557 2855 1762 2901 corrigendi

249 2914 333 2957 sint,
361 2914 507 2949 dubium
532 2925 603 2950 non
630 2919 696 2949 est.
