1947 3391
1660 312 1725 356 39

225 453 359 505 neget
390 448 547 502 aliquis
578 450 659 492 hoc
695 449 897 493 idoneum
930 463 1028 494 esse
1054 436 1378 505 argumentum.
1452 449 1572 493 Satis
1614 448 1726 492 enim

226 524 402 564 constat
427 520 736 574 compilatores
762 521 950 566 cuiusvis
973 520 1149 577 generis
1173 534 1220 565 86
1242 534 1344 565 11808
1362 534 1459 565 6886
1476 520 1729 565 3116101111118

226 591 480 647 8361118811116
522 591 739 648 81111111316,
782 606 888 646 quos
924 605 1146 646 nunquam
1178 592 1384 636 viderint.
1432 594 1594 650 ,Atque
1632 592 1728 634 fieri

224 665 381 720 potuit,
431 667 481 708 ut
531 664 721 709 Serenus
770 679 926 709 nomen
978 664 1095 709 Plini
1141 664 1389 709 Medicinae
1436 665 1502 708 Pl.
1558 662 1729 708 auctori

225 736 367 791 daret,
408 748 533 789 quem
575 739 620 779 et
659 736 759 780 libri
798 737 1046 780 Medicinae
1083 736 1371 791 manuscripti
1410 740 1455 780 61
1493 736 1729 779 Marcellus

224 807 472 861 Empiricus
494 809 575 851 hoc
597 808 769 852 nomine
793 821 842 852 re
858 822 967 854 vera
992 809 1133 863 ipsum
1160 822 1207 852 se
1225 821 1407 853 ornasse
1424 808 1685 853 confirmant
1699 805 1727 851 ¹.

226 878 396 923 Deinde
441 879 477 922 si
517 892 608 923 rem
648 880 788 935 ipsam
839 883 1102 935 spectamus,
1149 880 1324 923 minime
1368 879 1605 924 verisimile
1660 883 1729 922 est

227 951 411 994 eundem
455 955 677 995 auctorem
720 956 900 1006 praeter
945 952 1210 996 Medicinam
1254 952 1517 1007 Plinianam,
1565 952 1611 994 id
1660 954 1729 994 est

226 1021 576 1075 compilationem
632 1035 655 1066 e
710 1022 842 1065 Plinii
893 1020 1080 1066 historia
1146 1025 1238 1066 nat.
1299 1022 1479 1077 factam,
1539 1021 1729 1065 Plinium

225 1093 366 1148 ipsum
405 1093 661 1148 inspexisse.
725 1094 925 1148 Denique
957 1094 1165 1138 memoria
1199 1095 1436 1138 tenendum
1478 1096 1547 1137 est
1577 1093 1727 1148 libros,

227 1165 299 1219 qui
336 1169 437 1209 sunt
470 1166 524 1210 de
555 1167 685 1209 rebus
726 1165 920 1221 medicis,
964 1165 1095 1210 simili
1135 1166 1261 1210 modo
1295 1179 1348 1210 ac
1388 1165 1555 1210 scholia
1592 1165 1727 1209 multo

225 1237 366 1293 magis
419 1250 547 1291 quam
591 1237 679 1281 alia
722 1237 973 1281 litterarum
1014 1250 1181 1293 genera
1224 1242 1316 1281 tum
1361 1237 1585 1281 tenuiores
1635 1240 1727 1280 tum

227 1320 324 1351 6886
350 1308 615 1362 copiosiores
642 1308 801 1352 factos.
850 1309 964 1352 Huic
989 1308 1152 1352 homini
1180 1309 1351 1352 scilicet
1372 1322 1459 1352 non
1486 1308 1729 1352 sufficiebat

225 1393 428 1424 numerus
470 1393 619 1424 earum
658 1393 765 1434 quas
803 1380 1000 1434 repperit
1041 1380 1414 1436 compositionum,
1457 1380 1609 1433 itaque
1651 1392 1728 1423 638

226 1453 432 1508 augebat,
466 1452 539 1495 1116
572 1455 720 1495 31116111
753 1451 1003 1496 offendebat
1035 1451 1080 1495 in
1118 1452 1244 1506 copia
1281 1452 1590 1507 remediorum,
1623 1465 1727 1507 ergo

225 1537 368 1577 pauca
401 1522 633 1579 eligebat2.
686 1524 791 1578 Ipsa
816 1523 1037 1567 Medicina
1059 1524 1124 1567 Pl.
1154 1523 1360 1577 optimum
1383 1525 1571 1578 praebet
1602 1523 1728 1567 huius

225 1595 291 1640 rei
338 1596 593 1652 exemplum,
643 1608 771 1650 quam
817 1595 884 1650 iis,
934 1608 1046 1649 quae
1094 1599 1313 1651 secuntur,
1368 1595 1556 1639 saeculis
1604 1595 1729 1649 quasi

226 1668 558 1711 fundamentum
611 1681 822 1712 novarum
869 1667 1173 1711 collectionum
1220 1667 1542 1711 medicinalium
1590 1666 1728 1711 fuisse

222 1752 277 1783 ex
308 1739 676 1783 commentatione
720 1738 851 1782 Rosci
884 1742 1004 1782 certo
1038 1737 1236 1782 scimus3.
1300 1740 1544 1782 Praeterea
1577 1742 1728 1782 textus

220 1813 419 1855 veterum
445 1810 511 1854 rei
535 1810 733 1854 medicae
760 1810 968 1853 librorum
993 1810 1124 1854 valde
1151 1810 1347 1865 corrupti
1375 1813 1507 1864 atque
1535 1810 1729 1864 suspecti

222 1885 341 1936 sunt3
381 1882 574 1937 itemque
619 1882 866 1926 Medicinae
910 1882 1142 1925 Plinianae
1183 1885 1425 1936 praecepta
1465 1882 1584 1925 haud
1626 1895 1727 1935 qua-

221 1966 350 2007 quam
381 1954 560 2009 integra
592 1966 673 1996 nec
706 1954 800 1996 sine
832 1953 1167 2006 perturbatione
1201 1956 1381 1996 exstant
1390 1951 1421 1996 4.

341 2026 464 2081 Quae
505 2038 601 2068 cum
643 2025 709 2068 ita
742 2025 853 2080 sint,
893 2024 955 2068 nil
993 2026 1156 2078 obstat,
1197 2024 1423 2077 quominus
1461 2024 1725 2067 coniciamus

222 2091 310 2153 608,
359 2110 465 2151 quos
519 2110 651 2151 supra
708 2096 981 2151 contulimus,
1030 2097 1148 2139 locos
1195 2095 1443 2139 Medicinae
1489 2096 1554 2139 Pl.
1603 2096 1726 2140 velut

221 2171 477 2213 decurtatos
518 2182 615 2213 6886
654 2172 699 2212 61
741 2168 1024 2224 corrigendos
1067 2181 1091 2211 6
1125 2167 1271 2213 verbis
1303 2167 1420 2212 Plini
1451 2168 1523 2212 vel
1556 2167 1723 2211 Sereni.

220 2240 306 2284 Hic
345 2240 390 2284 in
430 2240 678 2284 Medicinae
710 2240 776 2283 Pl.
818 2254 859 2294 p.
896 2244 964 2294 34,
1002 2244 1075 2292 133
1109 2244 1178 2294 28,
1216 2244 1291 2292 103
1327 2244 1396 2294 23,
1433 2244 1507 2292 16;
1543 2244 1612 2294 63,
1648 2244 1723 2291 223

221 2317 291 2367 92,
329 2317 371 2365 13
414 2316 511 2367 110,
548 2316 601 2355 12
640 2315 882 2366 praecepta
923 2311 1130 2355 eisdem
1162 2310 1375 2365 verbis,
1409 2323 1551 2364 quae
1583 2324 1724 2354 nunc

220 2383 352 2427 locis
383 2383 619 2427 laudatis
651 2383 793 2426 Plini
826 2385 1062 2437 exstant,
1086 2382 1279 2425 >definita
1310 2382 1433 2437 legit.
1487 2382 1725 2425 Verbosior

219 2455 356 2511 igitur
409 2458 454 2498 et
506 2454 722 2509 copiosior
774 2454 908 2497 editio
960 2453 1207 2497 Medicinae
1259 2453 1340 2508 PL,
1395 2452 1520 2506 quasi
1574 2452 1723 2508 ,editio

218 2526 386 2582 maior‘,
410 2525 510 2569 olim
533 2525 757 2569 exstiterit
778 2538 958 2569 necesse
982 2527 1063 2579 est,
1088 2536 1199 2577 quae
1220 2527 1321 2578 post
1343 2523 1498 2567 Sereni
1527 2527 1723 2567 aetatem

218 2598 263 2641 in
281 2611 392 2654 eam,
410 2610 523 2652 quae
539 2597 664 2641 nobis
681 2597 726 2640 in
743 2597 837 2640 cod.
856 2611 886 2652 g
900 2597 928 2639 d
940 2610 963 2639 r
975 2598 1003 2640 b
1026 2595 1233 2650 traditur,
1253 2595 1438 2639 formam
1463 2599 1621 2639 coacta
1639 2599 1721 2639 est.

339 2728 351 2748 ¹
378 2729 422 2763 V.
447 2728 552 2772 Rosc,
578 2728 616 2762 in
640 2728 797 2763 Hermae
821 2727 891 2762 vol.
918 2726 1019 2770 VIII,
1045 2737 1080 2770 p.
1106 2726 1163 2760 21.

339 2788 352 2807 ²
375 2788 515 2823 Bonum
558 2787 759 2831 exemplum
800 2786 894 2822 Med.
932 2785 986 2821 Pl.
1030 2796 1064 2830 p.
1101 2785 1155 2828 18,
1194 2785 1238 2820 14
1284 2784 1398 2829 (Ρ1111.
1431 2786 1487 2829 29,
1519 2786 1601 2825 135;
1646 2785 1711 2821 Ser

216 2859 275 2883 vv.
304 2848 506 2891 169-173)
532 2847 575 2882 cf.
603 2847 751 2890 Usener,
777 2845 967 2890 Epicurea,
992 2843 1135 2889 praefat
1159 2843 1297 2879 XXIII.

338 2906 352 2925 ³
377 2906 421 2940 cf.
447 2907 554 2949 Rose,
580 2906 603 2941 1.
628 2905 652 2940 l.
678 2917 711 2949 p.
738 2906 795 2940 35.

337 2963 352 2984 ⁴
377 2965 421 3001 cf.
447 2965 553 3009 Rose,
579 2964 603 3000 l.
628 2964 652 3000 1.
677 2975 710 3009 p.
736 2965 793 2999 24.
