<?xml version="1.0" encoding="UTF-8"?>
<!DOCTYPE html PUBLIC "-//W3C//DTD XHTML 1.0 Transitional//EN"
    "http://www.w3.org/TR/xhtml1/DTD/xhtml1-transitional.dtd">
<html xmlns="http://www.w3.org/1999/xhtml" xml:lang="en" lang="en">
 <head>
  <title>
</title>
<meta http-equiv="Content-Type" content="text/html;charset=utf-8" />
  <meta name='ocr-system' content='tesseract 3.04.00' />
  <meta name='ocr-capabilities' content='ocr_page ocr_carea ocr_par ocr_line ocrx_word'/>
</head>
<body>
  <div class='ocr_page' id='page_1' title='image "./4626637_0018.png"; bbox 0 0 1947 3391; ppageno 0'>
   <div class='ocr_carea' id='block_1_1' title="bbox 223 242 282 286">
    <p class='ocr_par' dir='ltr' id='par_1_1' title="bbox 223 242 282 286">
     <span class='ocr_line' id='line_1_1' title="bbox 223 242 282 286; baseline 0.017 -1"><span class='ocrx_word' id='word_1_1' title='bbox 223 242 282 286; x_wconf 79' lang='lat'><strong>12</strong></span> 
     </span>
    </p>
   </div>
   <div class='ocr_carea' id='block_1_2' title="bbox 847 378 1101 432">
    <p class='ocr_par' dir='ltr' id='par_1_2' title="bbox 847 378 1101 432">
     <span class='ocr_line' id='line_1_2' title="bbox 847 378 1101 432; baseline 0 -11"><span class='ocrx_word' id='word_1_2' title='bbox 847 378 990 432; x_wconf 84' lang='lat' dir='ltr'><strong>Caput</strong></span> <span class='ocrx_word' id='word_1_3' title='bbox 1021 379 1101 421; x_wconf 93' lang='lat' dir='ltr'><strong>III.</strong></span> 
     </span>
    </p>
   </div>
   <div class='ocr_carea' id='block_1_3' title="bbox 213 459 1729 2371">
    <p class='ocr_par' dir='ltr' id='par_1_3' title="bbox 215 459 1727 646">
     <span class='ocr_line' id='line_1_3' title="bbox 215 459 1727 516; baseline 0.001 -13"><span class='ocrx_word' id='word_1_4' title='bbox 215 462 274 504; x_wconf 89' lang='lat' dir='ltr'><strong>M.</strong></span> <span class='ocrx_word' id='word_1_5' title='bbox 307 462 372 504; x_wconf 91' lang='lat' dir='ltr'><strong>Pl.</strong></span> <span class='ocrx_word' id='word_1_6' title='bbox 411 466 477 515; x_wconf 81' lang='lat'><strong>12,</strong></span> <span class='ocrx_word' id='word_1_7' title='bbox 514 465 586 503; x_wconf 92' lang='lat'><strong>15:</strong></span> <span class='ocrx_word' id='word_1_8' title='bbox 627 461 776 503; x_wconf 85' lang='lat' dir='ltr'><strong>farina</strong></span> <span class='ocrx_word' id='word_1_9' title='bbox 811 461 990 504; x_wconf 84' lang='lat' dir='ltr'><strong>feniculi</strong></span> <span class='ocrx_word' id='word_1_10' title='bbox 1029 460 1174 516; x_wconf 89' lang='lat' dir='ltr'><strong>(cod.¹</strong></span> <span class='ocrx_word' id='word_1_11' title='bbox 1221 461 1312 504; x_wconf 84' lang='lat' dir='ltr'><strong>feni</strong></span> <span class='ocrx_word' id='word_1_12' title='bbox 1347 462 1499 516; x_wconf 85' lang='lat' dir='ltr'><strong>graeci</strong></span> <span class='ocrx_word' id='word_1_13' title='bbox 1538 459 1727 516; x_wconf 85' lang='lat' dir='ltr'><strong>Roseus)</strong></span> 
     </span>
     <span class='ocr_line' id='line_1_4' title="bbox 433 531 1726 588; baseline -0.001 -13"><span class='ocrx_word' id='word_1_14' title='bbox 433 545 529 575; x_wconf 92' lang='lat' dir='ltr'><strong>cum</strong></span> <span class='ocrx_word' id='word_1_15' title='bbox 561 532 662 576; x_wconf 90' lang='lat' dir='ltr'><strong>vino</strong></span> <span class='ocrx_word' id='word_1_16' title='bbox 705 535 751 575; x_wconf 86' lang='lat' dir='ltr'><strong>et</strong></span> <span class='ocrx_word' id='word_1_17' title='bbox 788 531 904 575; x_wconf 89' lang='lat' dir='ltr'><strong>nitro</strong></span> <span class='ocrx_word' id='word_1_18' title='bbox 937 531 1205 587; x_wconf 82' lang='lat' dir='ltr'>porriginem</span> <span class='ocrx_word' id='word_1_19' title='bbox 1238 535 1414 588; x_wconf 86' lang='lat' dir='ltr'><strong>purgat,</strong></span> <span class='ocrx_word' id='word_1_20' title='bbox 1455 536 1501 576; x_wconf 92' lang='lat' dir='ltr'><strong>et</strong></span> <span class='ocrx_word' id='word_1_21' title='bbox 1532 531 1726 575; x_wconf 85' lang='lat' dir='ltr'><strong>furfures</strong></span> 
     </span>
     <span class='ocr_line' id='line_1_5' title="bbox 433 606 661 646; baseline 0.004 -1"><span class='ocrx_word' id='word_1_22' title='bbox 433 616 487 646; x_wconf 89' lang='lat' dir='ltr'><strong>ex</strong></span> <span class='ocrx_word' id='word_1_23' title='bbox 519 606 661 646; x_wconf 91' lang='lat' dir='ltr'><strong>aceto.</strong></span> 
     </span>
    </p>

    <p class='ocr_par' dir='ltr' id='par_1_4' title="bbox 218 673 1728 873">
     <span class='ocr_line' id='line_1_6' title="bbox 218 673 1728 729; baseline 0 -13"><span class='ocrx_word' id='word_1_24' title='bbox 218 673 311 716; x_wconf 92' lang='lat' dir='ltr'><strong>Ser.</strong></span> <span class='ocrx_word' id='word_1_25' title='bbox 338 687 380 717; x_wconf 92' lang='grc'><strong>17.</strong></span> <span class='ocrx_word' id='word_1_26' title='bbox 409 677 483 717; x_wconf 84' lang='lat'><strong>35:</strong></span> <span class='ocrx_word' id='word_1_27' title='bbox 521 674 612 717; x_wconf 89' lang='lat' dir='ltr'><strong>Aut</strong></span> <span class='ocrx_word' id='word_1_28' title='bbox 649 676 698 716; x_wconf 93' lang='lat' dir='ltr'><strong>tu</strong></span> <span class='ocrx_word' id='word_1_29' title='bbox 736 673 973 717; x_wconf 84' lang='lat' dir='ltr'><strong>feniculum</strong></span> <span class='ocrx_word' id='word_1_30' title='bbox 1010 674 1259 727; x_wconf 79' lang='lat' dir='ltr'><strong>nitrumque</strong></span> <span class='ocrx_word' id='word_1_31' title='bbox 1298 677 1343 718; x_wconf 92' lang='lat' dir='ltr'><strong>et</strong></span> <span class='ocrx_word' id='word_1_32' title='bbox 1380 675 1588 729; x_wconf 87' lang='lat' dir='ltr'><strong>sulphura</strong></span> <span class='ocrx_word' id='word_1_33' title='bbox 1624 673 1728 718; x_wconf 89' lang='lat' dir='ltr'><strong>viva</strong></span> 
     </span>
     <span class='ocr_line' id='line_1_7' title="bbox 521 745 1725 800; baseline 0 -11"><span class='ocrx_word' id='word_1_34' title='bbox 521 746 723 800; x_wconf 76' lang='lat' dir='ltr'>Contere,</span> <span class='ocrx_word' id='word_1_35' title='bbox 754 745 913 789; x_wconf 90' lang='lat' dir='ltr'><strong>deinde</strong></span> <span class='ocrx_word' id='word_1_36' title='bbox 946 749 1080 800; x_wconf 92' lang='lat' dir='ltr'><strong>caput</strong></span> <span class='ocrx_word' id='word_1_37' title='bbox 1108 745 1340 800; x_wconf 77' lang='lat' dir='ltr'><strong>permixtis</strong></span> <span class='ocrx_word' id='word_1_38' title='bbox 1373 746 1501 790; x_wconf 85' lang='lat' dir='ltr'><strong>ablue</strong></span> <span class='ocrx_word' id='word_1_39' title='bbox 1537 745 1725 799; x_wconf 82' lang='lat' dir='ltr'><strong>cunctis3</strong></span> 
     </span>
     <span class='ocr_line' id='line_1_8' title="bbox 522 816 1637 873; baseline 0.001 -13"><span class='ocrx_word' id='word_1_40' title='bbox 522 816 845 862; x_wconf 74' lang='lat' dir='ltr'><strong>Fur-furibusve</strong></span> <span class='ocrx_word' id='word_1_41' title='bbox 879 817 1004 862; x_wconf 87' lang='lat' dir='ltr'><strong>novis</strong></span> <span class='ocrx_word' id='word_1_42' title='bbox 1037 818 1192 861; x_wconf 91' lang='lat' dir='ltr'><strong>durum</strong></span> <span class='ocrx_word' id='word_1_43' title='bbox 1219 818 1424 861; x_wconf 85' lang='lat' dir='ltr'><strong>miscebis</strong></span> <span class='ocrx_word' id='word_1_44' title='bbox 1450 821 1637 873; x_wconf 89' lang='lat' dir='ltr'><strong>acetum,</strong></span> 
     </span>
    </p>

    <p class='ocr_par' dir='ltr' id='par_1_5' title="bbox 518 889 1563 945">
     <span class='ocr_line' id='line_1_9' title="bbox 518 889 1563 945; baseline 0.001 -12"><span class='ocrx_word' id='word_1_45' title='bbox 518 890 579 933; x_wconf 91' lang='lat' dir='ltr'><strong>Ut</strong></span> <span class='ocrx_word' id='word_1_46' title='bbox 610 889 760 933; x_wconf 85' lang='lat' dir='ltr'><strong>varios</strong></span> <span class='ocrx_word' id='word_1_47' title='bbox 793 889 936 933; x_wconf 89' lang='lat' dir='ltr'><strong>crines</strong></span> <span class='ocrx_word' id='word_1_48' title='bbox 968 889 1050 932; x_wconf 86' lang='lat' dir='ltr'><strong>tali</strong></span> <span class='ocrx_word' id='word_1_49' title='bbox 1084 890 1162 933; x_wconf 91' lang='lat' dir='ltr'><strong>des</strong></span> <span class='ocrx_word' id='word_1_50' title='bbox 1193 890 1386 945; x_wconf 91' lang='lat' dir='ltr'><strong>unguine</strong></span> <span class='ocrx_word' id='word_1_51' title='bbox 1418 903 1563 944; x_wconf 87' lang='lat' dir='ltr'><strong>puros.</strong></span> 
     </span>
    </p>

    <p class='ocr_par' dir='ltr' id='par_1_6' title="bbox 215 959 1728 1727">
     <span class='ocr_line' id='line_1_10' title="bbox 335 959 1727 1005; baseline 0.001 -4"><span class='ocrx_word' id='word_1_52' title='bbox 335 960 506 1002; x_wconf 86' lang='lat' dir='ltr'><strong>Roseus</strong></span> <span class='ocrx_word' id='word_1_53' title='bbox 553 959 667 1002; x_wconf 87' lang='lat' dir='ltr'><strong>falso</strong></span> <span class='ocrx_word' id='word_1_54' title='bbox 716 962 887 1002; x_wconf 90' lang='lat' dir='ltr'><strong>textum</strong></span> <span class='ocrx_word' id='word_1_55' title='bbox 926 960 1174 1003; x_wconf 82' lang='lat' dir='ltr'><strong>Medicinae</strong></span> <span class='ocrx_word' id='word_1_56' title='bbox 1216 961 1282 1003; x_wconf 94' lang='lat' dir='ltr'><strong>Pl.</strong></span> <span class='ocrx_word' id='word_1_57' title='bbox 1324 960 1529 1005; x_wconf 87' lang='lat' dir='ltr'><strong>mutavit.</strong></span> <span class='ocrx_word' id='word_1_58' title='bbox 1593 961 1727 1004; x_wconf 92' lang='lat' dir='ltr'><strong>Nobis</strong></span> 
     </span>
     <span class='ocr_line' id='line_1_11' title="bbox 217 1029 1725 1086; baseline 0.001 -12"><span class='ocrx_word' id='word_1_59' title='bbox 217 1029 331 1074; x_wconf 90' lang='lat' dir='ltr'><strong>enim</strong></span> <span class='ocrx_word' id='word_1_60' title='bbox 375 1042 632 1085; x_wconf 88' lang='lat' dir='ltr'><strong>persuasum</strong></span> <span class='ocrx_word' id='word_1_61' title='bbox 676 1031 887 1074; x_wconf 89' lang='lat' dir='ltr'><strong>habemus</strong></span> <span class='ocrx_word' id='word_1_62' title='bbox 943 1029 1182 1086; x_wconf 85' lang='lat' dir='ltr'><strong>,furfures‘,</strong></span> <span class='ocrx_word' id='word_1_63' title='bbox 1235 1031 1349 1085; x_wconf 92' lang='lat' dir='ltr'><strong>quod</strong></span> <span class='ocrx_word' id='word_1_64' title='bbox 1396 1031 1618 1075; x_wconf 88' lang='lat' dir='ltr'><strong>Medicina</strong></span> <span class='ocrx_word' id='word_1_65' title='bbox 1659 1031 1725 1075; x_wconf 88' lang='lat' dir='ltr'><strong>Pl.</strong></span> 
     </span>
     <span class='ocr_line' id='line_1_12' title="bbox 215 1102 1728 1159; baseline 0.001 -15"><span class='ocrx_word' id='word_1_66' title='bbox 215 1103 364 1155; x_wconf 88' lang='lat' dir='ltr'><strong>habet,</strong></span> <span class='ocrx_word' id='word_1_67' title='bbox 410 1115 495 1145; x_wconf 92' lang='lat' dir='ltr'><strong>non</strong></span> <span class='ocrx_word' id='word_1_68' title='bbox 540 1115 679 1157; x_wconf 88' lang='lat' dir='ltr'><strong>genus</strong></span> <span class='ocrx_word' id='word_1_69' title='bbox 724 1102 942 1155; x_wconf 84' lang='lat' dir='ltr'><strong>quoddam</strong></span> <span class='ocrx_word' id='word_1_70' title='bbox 976 1116 1073 1146; x_wconf 90' lang='lat' dir='ltr'><strong>esse</strong></span> <span class='ocrx_word' id='word_1_71' title='bbox 1117 1102 1400 1159; x_wconf 88' lang='lat' dir='ltr'><strong>porriginum,</strong></span> <span class='ocrx_word' id='word_1_72' title='bbox 1444 1103 1522 1147; x_wconf 92' lang='lat' dir='ltr'><strong>sed</strong></span> <span class='ocrx_word' id='word_1_73' title='bbox 1553 1103 1728 1158; x_wconf 88' lang='lat' dir='ltr'><strong>proprie</strong></span> 
     </span>
     <span class='ocr_line' id='line_1_13' title="bbox 217 1173 1727 1229; baseline 0.002 -14"><span class='ocrx_word' id='word_1_74' title='bbox 217 1173 359 1216; x_wconf 90' lang='lat' dir='ltr'><strong>dictos</strong></span> <span class='ocrx_word' id='word_1_75' title='bbox 390 1176 439 1215; x_wconf 90' lang='grc'><strong>111</strong></span> <span class='ocrx_word' id='word_1_76' title='bbox 470 1186 549 1216; x_wconf 86' lang='grc'>1103</span> <span class='ocrx_word' id='word_1_77' title='bbox 581 1173 765 1216; x_wconf 89' lang='lat' dir='ltr'><strong>dicimus</strong></span> <span class='ocrx_word' id='word_1_78' title='bbox 795 1173 965 1228; x_wconf 85' lang='lat' dir='ltr'><strong>,Kleie‘.</strong></span> <span class='ocrx_word' id='word_1_79' title='bbox 1030 1173 1154 1217; x_wconf 87' lang='lat' dir='ltr'><strong>Fieri</strong></span> <span class='ocrx_word' id='word_1_80' title='bbox 1175 1187 1262 1217; x_wconf 91' lang='lat' dir='ltr'><strong>non</strong></span> <span class='ocrx_word' id='word_1_81' title='bbox 1286 1177 1449 1228; x_wconf 89' lang='lat' dir='ltr'><strong>potest,</strong></span> <span class='ocrx_word' id='word_1_82' title='bbox 1476 1177 1527 1218; x_wconf 92' lang='lat' dir='ltr'><strong>ut</strong></span> <span class='ocrx_word' id='word_1_83' title='bbox 1552 1174 1727 1229; x_wconf 92' lang='lat' dir='ltr'><strong>porrigo</strong></span> 
     </span>
     <span class='ocr_line' id='line_1_14' title="bbox 215 1245 1728 1300; baseline 0.001 -13"><span class='ocrx_word' id='word_1_84' title='bbox 215 1245 333 1287; x_wconf 87' lang='lat' dir='ltr'><strong>haud</strong></span> <span class='ocrx_word' id='word_1_85' title='bbox 381 1248 509 1289; x_wconf 89' lang='lat' dir='ltr'><strong>vetus</strong></span> <span class='ocrx_word' id='word_1_86' title='bbox 562 1248 690 1289; x_wconf 88' lang='lat' dir='ltr'><strong>aceto</strong></span> <span class='ocrx_word' id='word_1_87' title='bbox 740 1245 1002 1300; x_wconf 80' lang='lat' dir='ltr'><strong>depellatur.</strong></span> <span class='ocrx_word' id='word_1_88' title='bbox 1066 1246 1179 1288; x_wconf 91' lang='lat' dir='ltr'><strong>Nam</strong></span> <span class='ocrx_word' id='word_1_89' title='bbox 1226 1245 1325 1289; x_wconf 92' lang='lat' dir='ltr'><strong>huic</strong></span> <span class='ocrx_word' id='word_1_90' title='bbox 1369 1245 1728 1300; x_wconf 90' lang='lat' dir='ltr'><strong>interpretationi</strong></span> 
     </span>
     <span class='ocr_line' id='line_1_15' title="bbox 216 1316 1727 1373; baseline 0.001 -14"><span class='ocrx_word' id='word_1_91' title='bbox 216 1329 309 1359; x_wconf 91' lang='lat' dir='ltr'><strong>cum</strong></span> <span class='ocrx_word' id='word_1_92' title='bbox 353 1330 394 1360; x_wconf 93' lang='grc'><strong>17.</strong></span> <span class='ocrx_word' id='word_1_93' title='bbox 430 1320 483 1359; x_wconf 91' lang='lat'><strong>37</strong></span> <span class='ocrx_word' id='word_1_94' title='bbox 528 1316 636 1373; x_wconf 88' lang='lat' dir='ltr'><strong>(vid.</strong></span> <span class='ocrx_word' id='word_1_95' title='bbox 684 1316 937 1373; x_wconf 86' lang='lat' dir='ltr'><strong>,miscebis‘)</strong></span> <span class='ocrx_word' id='word_1_96' title='bbox 983 1320 1028 1360; x_wconf 86' lang='lat' dir='ltr'><strong>et</strong></span> <span class='ocrx_word' id='word_1_97' title='bbox 1069 1331 1110 1361; x_wconf 87' lang='lat' dir='ltr'><strong>v.</strong></span> <span class='ocrx_word' id='word_1_98' title='bbox 1146 1321 1202 1360; x_wconf 84' lang='lat'><strong>38</strong></span> <span class='ocrx_word' id='word_1_99' title='bbox 1241 1320 1333 1361; x_wconf 93' lang='lat' dir='ltr'><strong>tum</strong></span> <span class='ocrx_word' id='word_1_100' title='bbox 1371 1317 1559 1361; x_wconf 86' lang='lat' dir='ltr'><strong>maxime</strong></span> <span class='ocrx_word' id='word_1_101' title='bbox 1596 1331 1637 1361; x_wconf 89' lang='lat' dir='ltr'><strong>v.</strong></span> <span class='ocrx_word' id='word_1_102' title='bbox 1673 1321 1727 1360; x_wconf 87' lang='lat'><strong>68</strong></span> 
     </span>
     <span class='ocr_line' id='line_1_16' title="bbox 217 1388 1728 1444; baseline 0.001 -14"><span class='ocrx_word' id='word_1_103' title='bbox 217 1389 411 1442; x_wconf 83' lang='lat' dir='ltr'><strong>obstant,</strong></span> <span class='ocrx_word' id='word_1_104' title='bbox 465 1388 539 1431; x_wconf 92' lang='lat' dir='ltr'><strong>ubi</strong></span> <span class='ocrx_word' id='word_1_105' title='bbox 592 1388 783 1431; x_wconf 84' lang='lat' dir='ltr'><strong>Serenus</strong></span> <span class='ocrx_word' id='word_1_106' title='bbox 829 1388 925 1442; x_wconf 91' lang='lat' dir='ltr'><strong>hoc,</strong></span> <span class='ocrx_word' id='word_1_107' title='bbox 976 1388 1030 1431; x_wconf 91' lang='lat' dir='ltr'><strong>de</strong></span> <span class='ocrx_word' id='word_1_108' title='bbox 1080 1401 1162 1441; x_wconf 91' lang='lat' dir='ltr'><strong>quo</strong></span> <span class='ocrx_word' id='word_1_109' title='bbox 1211 1388 1395 1444; x_wconf 85' lang='lat' dir='ltr'><strong>agimus,</strong></span> <span class='ocrx_word' id='word_1_110' title='bbox 1444 1392 1728 1443; x_wconf 90' lang='lat' dir='ltr'><strong>praeceptum</strong></span> 
     </span>
     <span class='ocr_line' id='line_1_17' title="bbox 215 1458 1727 1514; baseline 0.001 -13"><span class='ocrx_word' id='word_1_111' title='bbox 215 1459 393 1513; x_wconf 89' lang='lat' dir='ltr'><strong>repetit.</strong></span> <span class='ocrx_word' id='word_1_112' title='bbox 473 1460 568 1502; x_wconf 89' lang='lat' dir='ltr'><strong>Hoc</strong></span> <span class='ocrx_word' id='word_1_113' title='bbox 624 1459 719 1502; x_wconf 93' lang='grc'>1000</span> <span class='ocrx_word' id='word_1_114' title='bbox 772 1458 944 1513; x_wconf 81' lang='lat' dir='ltr'><strong>,furfur‘</strong></span> <span class='ocrx_word' id='word_1_115' title='bbox 994 1459 1169 1514; x_wconf 90' lang='lat' dir='ltr'><strong>proprie</strong></span> <span class='ocrx_word' id='word_1_116' title='bbox 1227 1459 1391 1503; x_wconf 90' lang='lat' dir='ltr'><strong>dictum</strong></span> <span class='ocrx_word' id='word_1_117' title='bbox 1446 1472 1543 1503; x_wconf 91' lang='lat' dir='ltr'><strong>esse</strong></span> <span class='ocrx_word' id='word_1_118' title='bbox 1601 1472 1727 1503; x_wconf 92' lang='lat' dir='ltr'><strong>nemo</strong></span> 
     </span>
     <span class='ocr_line' id='line_1_18' title="bbox 217 1530 1726 1586; baseline 0 -12"><span class='ocrx_word' id='word_1_119' title='bbox 217 1531 413 1586; x_wconf 88' lang='lat' dir='ltr'><strong>negabit.</strong></span> <span class='ocrx_word' id='word_1_120' title='bbox 493 1532 651 1584; x_wconf 90' lang='lat' dir='ltr'><strong>Itaque</strong></span> <span class='ocrx_word' id='word_1_121' title='bbox 706 1531 828 1574; x_wconf 88' lang='grc'>100113</span> <span class='ocrx_word' id='word_1_122' title='bbox 881 1530 1130 1574; x_wconf 90' lang='lat' dir='ltr'><strong>Medicinae</strong></span> <span class='ocrx_word' id='word_1_123' title='bbox 1181 1532 1247 1574; x_wconf 91' lang='lat' dir='ltr'><strong>Pl.</strong></span> <span class='ocrx_word' id='word_1_124' title='bbox 1301 1544 1442 1585; x_wconf 90' lang='lat' dir='ltr'><strong>neque</strong></span> <span class='ocrx_word' id='word_1_125' title='bbox 1506 1531 1563 1574; x_wconf 93' lang='lat' dir='ltr'><strong>ad</strong></span> <span class='ocrx_word' id='word_1_126' title='bbox 1614 1530 1726 1574; x_wconf 94' lang='lat' dir='ltr'><strong>Plin.</strong></span> 
     </span>
     <span class='ocr_line' id='line_1_19' title="bbox 216 1601 1728 1658; baseline 0.001 -15"><span class='ocrx_word' id='word_1_127' title='bbox 216 1602 382 1655; x_wconf 84' lang='lat' dir='ltr'>XXIV,</span> <span class='ocrx_word' id='word_1_128' title='bbox 435 1606 532 1655; x_wconf 85' lang='lat'>185,</span> <span class='ocrx_word' id='word_1_129' title='bbox 581 1605 631 1645; x_wconf 93' lang='lat' dir='ltr'><strong>ut</strong></span> <span class='ocrx_word' id='word_1_130' title='bbox 674 1603 845 1644; x_wconf 90' lang='lat' dir='ltr'><strong>Roseus</strong></span> <span class='ocrx_word' id='word_1_131' title='bbox 890 1602 999 1656; x_wconf 88' lang='lat' dir='ltr'><strong>vult,</strong></span> <span class='ocrx_word' id='word_1_132' title='bbox 1045 1615 1186 1654; x_wconf 91' lang='lat' dir='ltr'><strong>neque</strong></span> <span class='ocrx_word' id='word_1_133' title='bbox 1233 1602 1290 1644; x_wconf 87' lang='lat' dir='ltr'><strong>ad</strong></span> <span class='ocrx_word' id='word_1_134' title='bbox 1335 1601 1360 1658; x_wconf 67' lang='grc' dir='ltr'>ξ</span> <span class='ocrx_word' id='word_1_135' title='bbox 1396 1606 1477 1644; x_wconf 86' lang='grc'><strong>187</strong></span> <span class='ocrx_word' id='word_1_136' title='bbox 1525 1605 1728 1656; x_wconf 90' lang='lat' dir='ltr'><strong>spectare</strong></span> 
     </span>
     <span class='ocr_line' id='line_1_20' title="bbox 217 1672 1578 1727; baseline 0.001 -12"><span class='ocrx_word' id='word_1_137' title='bbox 217 1675 379 1727; x_wconf 89' lang='lat' dir='ltr'><strong>potest,</strong></span> <span class='ocrx_word' id='word_1_138' title='bbox 412 1672 486 1716; x_wconf 93' lang='lat' dir='ltr'><strong>ubi</strong></span> <span class='ocrx_word' id='word_1_139' title='bbox 517 1673 636 1716; x_wconf 89' lang='lat' dir='ltr'><strong>haud</strong></span> <span class='ocrx_word' id='word_1_140' title='bbox 670 1685 888 1727; x_wconf 89' lang='lat' dir='ltr'><strong>quaquam</strong></span> <span class='ocrx_word' id='word_1_141' title='bbox 921 1673 975 1716; x_wconf 90' lang='lat' dir='ltr'><strong>de</strong></span> <span class='ocrx_word' id='word_1_142' title='bbox 1008 1685 1116 1717; x_wconf 82' lang='lat' dir='ltr'><strong>voce</strong></span> <span class='ocrx_word' id='word_1_143' title='bbox 1150 1672 1303 1727; x_wconf 84' lang='lat' dir='ltr'><strong>,Kleie‘</strong></span> <span class='ocrx_word' id='word_1_144' title='bbox 1340 1672 1578 1726; x_wconf 89' lang='lat' dir='ltr'><strong>quaeritur.</strong></span> 
     </span>
    </p>

    <p class='ocr_par' dir='ltr' id='par_1_7' title="bbox 213 1743 1729 2371">
     <span class='ocr_line' id='line_1_21' title="bbox 338 1743 1728 1799; baseline 0 -12"><span class='ocrx_word' id='word_1_145' title='bbox 338 1743 426 1787; x_wconf 87' lang='lat' dir='ltr'><strong>Sed</strong></span> <span class='ocrx_word' id='word_1_146' title='bbox 458 1757 514 1787; x_wconf 91' lang='lat' dir='ltr'><strong>ne</strong></span> <span class='ocrx_word' id='word_1_147' title='bbox 548 1757 600 1787; x_wconf 91' lang='lat' dir='ltr'><strong>ea</strong></span> <span class='ocrx_word' id='word_1_148' title='bbox 634 1744 822 1799; x_wconf 86' lang='lat' dir='ltr'><strong>quidem,</strong></span> <span class='ocrx_word' id='word_1_149' title='bbox 867 1757 979 1797; x_wconf 91' lang='lat' dir='ltr'><strong>quae</strong></span> <span class='ocrx_word' id='word_1_150' title='bbox 1013 1743 1286 1788; x_wconf 90' lang='lat' dir='ltr'><strong>antecedunt</strong></span> <span class='ocrx_word' id='word_1_151' title='bbox 1317 1743 1362 1787; x_wconf 90' lang='lat' dir='ltr'><strong>in</strong></span> <span class='ocrx_word' id='word_1_152' title='bbox 1394 1743 1615 1787; x_wconf 90' lang='lat' dir='ltr'><strong>Medicina</strong></span> <span class='ocrx_word' id='word_1_153' title='bbox 1646 1744 1728 1799; x_wconf 85' lang='lat' dir='ltr'><strong>PL,</strong></span> 
     </span>
     <span class='ocr_line' id='line_1_22' title="bbox 216 1815 1729 1860; baseline 0.001 -2"><span class='ocrx_word' id='word_1_154' title='bbox 216 1816 360 1859; x_wconf 93' lang='lat' dir='ltr'><strong>Plinio</strong></span> <span class='ocrx_word' id='word_1_155' title='bbox 409 1816 561 1859; x_wconf 88' lang='lat' dir='ltr'><strong>deberi</strong></span> <span class='ocrx_word' id='word_1_156' title='bbox 611 1816 832 1860; x_wconf 87' lang='lat' dir='ltr'><strong>videntur.</strong></span> <span class='ocrx_word' id='word_1_157' title='bbox 896 1816 947 1858; x_wconf 94' lang='lat' dir='ltr'><strong>In</strong></span> <span class='ocrx_word' id='word_1_158' title='bbox 998 1815 1220 1858; x_wconf 90' lang='lat' dir='ltr'><strong>Medicina</strong></span> <span class='ocrx_word' id='word_1_159' title='bbox 1272 1816 1336 1858; x_wconf 88' lang='lat' dir='ltr'><strong>Pl.</strong></span> <span class='ocrx_word' id='word_1_160' title='bbox 1387 1818 1432 1858; x_wconf 90' lang='lat' dir='ltr'><strong>et</strong></span> <span class='ocrx_word' id='word_1_161' title='bbox 1483 1815 1527 1858; x_wconf 92' lang='lat' dir='ltr'><strong>in</strong></span> <span class='ocrx_word' id='word_1_162' title='bbox 1575 1815 1729 1859; x_wconf 86' lang='lat' dir='ltr'><strong>Sereni</strong></span> 
     </span>
     <span class='ocr_line' id='line_1_23' title="bbox 217 1886 1725 1942; baseline -0.001 -12"><span class='ocrx_word' id='word_1_163' title='bbox 217 1888 410 1931; x_wconf 88' lang='lat' dir='ltr'><strong>carmine</strong></span> <span class='ocrx_word' id='word_1_164' title='bbox 443 1888 560 1930; x_wconf 91' lang='lat' dir='ltr'><strong>idem</strong></span> <span class='ocrx_word' id='word_1_165' title='bbox 592 1890 878 1942; x_wconf 89' lang='lat' dir='ltr'><strong>praeceptum</strong></span> <span class='ocrx_word' id='word_1_166' title='bbox 901 1890 1064 1941; x_wconf 91' lang='lat' dir='ltr'><strong>exstat,</strong></span> <span class='ocrx_word' id='word_1_167' title='bbox 1099 1887 1213 1940; x_wconf 91' lang='lat' dir='ltr'><strong>quod</strong></span> <span class='ocrx_word' id='word_1_168' title='bbox 1245 1887 1316 1930; x_wconf 93' lang='lat' dir='ltr'><strong>hic</strong></span> <span class='ocrx_word' id='word_1_169' title='bbox 1345 1900 1398 1930; x_wconf 90' lang='lat' dir='ltr'><strong>ex</strong></span> <span class='ocrx_word' id='word_1_170' title='bbox 1429 1886 1506 1930; x_wconf 88' lang='lat' dir='ltr'><strong>illa</strong></span> <span class='ocrx_word' id='word_1_171' title='bbox 1529 1886 1725 1941; x_wconf 89' lang='lat' dir='ltr'><strong>sumpsit.</strong></span> 
     </span>
     <span class='ocr_line' id='line_1_24' title="bbox 216 1958 1727 2012; baseline 0 -11"><span class='ocrx_word' id='word_1_172' title='bbox 216 1959 305 2002; x_wconf 90' lang='lat' dir='ltr'><strong>Sed</strong></span> <span class='ocrx_word' id='word_1_173' title='bbox 336 1959 587 2003; x_wconf 90' lang='lat' dir='ltr'><strong>Medicinae</strong></span> <span class='ocrx_word' id='word_1_174' title='bbox 620 1959 686 2002; x_wconf 90' lang='lat' dir='ltr'><strong>Pl.</strong></span> <span class='ocrx_word' id='word_1_175' title='bbox 722 1962 893 2002; x_wconf 90' lang='lat' dir='ltr'><strong>textum</strong></span> <span class='ocrx_word' id='word_1_176' title='bbox 936 1961 1188 2012; x_wconf 91' lang='lat' dir='ltr'><strong>corruptum</strong></span> <span class='ocrx_word' id='word_1_177' title='bbox 1220 1958 1432 2002; x_wconf 88' lang='lat' dir='ltr'><strong>videmus.</strong></span> <span class='ocrx_word' id='word_1_178' title='bbox 1496 1958 1727 2001; x_wconf 88' lang='lat' dir='ltr'><strong>Facillime</strong></span> 
     </span>
     <span class='ocr_line' id='line_1_25' title="bbox 216 2029 1725 2084; baseline 0 -11"><span class='ocrx_word' id='word_1_179' title='bbox 216 2031 390 2084; x_wconf 87' lang='lat' dir='ltr'><strong>quidem</strong></span> <span class='ocrx_word' id='word_1_180' title='bbox 423 2031 675 2084; x_wconf 85' lang='lat' dir='ltr'><strong>corruptela</strong></span> <span class='ocrx_word' id='word_1_181' title='bbox 706 2030 899 2073; x_wconf 83' lang='lat' dir='ltr'><strong>existere</strong></span> <span class='ocrx_word' id='word_1_182' title='bbox 930 2029 1087 2083; x_wconf 89' lang='lat' dir='ltr'><strong>potuit.</strong></span> <span class='ocrx_word' id='word_1_183' title='bbox 1151 2030 1263 2073; x_wconf 88' lang='lat' dir='ltr'><strong>Nam</strong></span> <span class='ocrx_word' id='word_1_184' title='bbox 1296 2029 1413 2073; x_wconf 89' lang='lat' dir='ltr'><strong>inter</strong></span> <span class='ocrx_word' id='word_1_185' title='bbox 1440 2032 1579 2074; x_wconf 90' lang='lat' dir='ltr'><strong>verba</strong></span> <span class='ocrx_word' id='word_1_186' title='bbox 1602 2031 1725 2084; x_wconf 84' lang='lat' dir='ltr'><strong>,cum‘</strong></span> 
     </span>
     <span class='ocr_line' id='line_1_26' title="bbox 216 2099 1727 2156; baseline -0.001 -11"><span class='ocrx_word' id='word_1_187' title='bbox 216 2104 261 2145; x_wconf 86' lang='lat' dir='ltr'><strong>et</strong></span> <span class='ocrx_word' id='word_1_188' title='bbox 331 2101 459 2156; x_wconf 89' lang='lat' dir='ltr'><strong>,vino‘</strong></span> <span class='ocrx_word' id='word_1_189' title='bbox 522 2114 609 2145; x_wconf 84' lang='lat' dir='ltr'><strong>vox</strong></span> <span class='ocrx_word' id='word_1_190' title='bbox 681 2101 914 2155; x_wconf 81' lang='lat' dir='ltr'><strong>,sulphure‘</strong></span> <span class='ocrx_word' id='word_1_191' title='bbox 979 2100 1157 2154; x_wconf 91' lang='lat' dir='ltr'><strong>excidit,</strong></span> <span class='ocrx_word' id='word_1_192' title='bbox 1211 2113 1294 2153; x_wconf 91' lang='lat' dir='ltr'><strong>quo</strong></span> <span class='ocrx_word' id='word_1_193' title='bbox 1362 2099 1484 2143; x_wconf 87' lang='lat' dir='ltr'><strong>facto</strong></span> <span class='ocrx_word' id='word_1_194' title='bbox 1546 2101 1727 2144; x_wconf 90' lang='lat' dir='ltr'><strong>verbum</strong></span> 
     </span>
     <span class='ocr_line' id='line_1_27' title="bbox 215 2171 1725 2229; baseline -0.001 -12"><span class='ocrx_word' id='word_1_195' title='bbox 215 2173 360 2229; x_wconf 85' lang='lat' dir='ltr'><strong>,vivo‘,</strong></span> <span class='ocrx_word' id='word_1_196' title='bbox 424 2176 516 2216; x_wconf 88' lang='lat' dir='ltr'><strong>tum</strong></span> <span class='ocrx_word' id='word_1_197' title='bbox 576 2185 707 2216; x_wconf 90' lang='lat' dir='ltr'><strong>sensu</strong></span> <span class='ocrx_word' id='word_1_198' title='bbox 766 2184 937 2227; x_wconf 90' lang='lat' dir='ltr'><strong>carens,</strong></span> <span class='ocrx_word' id='word_1_199' title='bbox 1001 2171 1147 2215; x_wconf 90' lang='lat' dir='ltr'><strong>scriba</strong></span> <span class='ocrx_word' id='word_1_200' title='bbox 1208 2171 1254 2214; x_wconf 94' lang='lat' dir='ltr'><strong>in</strong></span> <span class='ocrx_word' id='word_1_201' title='bbox 1317 2171 1446 2227; x_wconf 79' lang='lat' dir='ltr'><strong>,vino‘</strong></span> <span class='ocrx_word' id='word_1_202' title='bbox 1523 2171 1725 2216; x_wconf 85' lang='lat' dir='ltr'><strong>mutavit.</strong></span> 
     </span>
     <span class='ocr_line' id='line_1_28' title="bbox 213 2243 1724 2299; baseline -0.002 -10"><span class='ocrx_word' id='word_1_203' title='bbox 213 2246 372 2299; x_wconf 88' lang='lat' dir='ltr'><strong>Itaque</strong></span> <span class='ocrx_word' id='word_1_204' title='bbox 406 2245 573 2288; x_wconf 90' lang='lat' dir='ltr'><strong>conicio</strong></span> <span class='ocrx_word' id='word_1_205' title='bbox 606 2245 672 2287; x_wconf 91' lang='lat' dir='ltr'><strong>ita</strong></span> <span class='ocrx_word' id='word_1_206' title='bbox 704 2243 1026 2287; x_wconf 87' lang='lat' dir='ltr'><strong>restituendum</strong></span> <span class='ocrx_word' id='word_1_207' title='bbox 1061 2257 1158 2287; x_wconf 87' lang='lat' dir='ltr'><strong>esse</strong></span> <span class='ocrx_word' id='word_1_208' title='bbox 1185 2243 1433 2287; x_wconf 87' lang='lat' dir='ltr'><strong>Medicinae</strong></span> <span class='ocrx_word' id='word_1_209' title='bbox 1465 2244 1531 2286; x_wconf 93' lang='lat' dir='ltr'><strong>Pl.</strong></span> <span class='ocrx_word' id='word_1_210' title='bbox 1564 2244 1724 2287; x_wconf 91' lang='lat' dir='ltr'><strong>locum:</strong></span> 
     </span>
     <span class='ocr_line' id='line_1_29' title="bbox 215 2314 1725 2371; baseline -0.001 -12"><span class='ocrx_word' id='word_1_211' title='bbox 215 2316 378 2371; x_wconf 86' lang='lat' dir='ltr'><strong>,farina</strong></span> <span class='ocrx_word' id='word_1_212' title='bbox 417 2316 599 2359; x_wconf 85' lang='lat' dir='ltr'><strong>feniculi</strong></span> <span class='ocrx_word' id='word_1_213' title='bbox 642 2329 739 2359; x_wconf 90' lang='lat' dir='ltr'><strong>cum</strong></span> <span class='ocrx_word' id='word_1_214' title='bbox 776 2316 1038 2368; x_wconf 87' lang='lat' dir='ltr'><strong>&lt;sulphure&gt;</strong></span> <span class='ocrx_word' id='word_1_215' title='bbox 1076 2315 1176 2359; x_wconf 92' lang='lat' dir='ltr'><strong>vivo</strong></span> <span class='ocrx_word' id='word_1_216' title='bbox 1223 2318 1269 2357; x_wconf 92' lang='lat' dir='ltr'><strong>et</strong></span> <span class='ocrx_word' id='word_1_217' title='bbox 1308 2315 1425 2358; x_wconf 91' lang='lat' dir='ltr'><strong>nitro</strong></span> <span class='ocrx_word' id='word_1_218' title='bbox 1459 2314 1725 2370; x_wconf 84' lang='lat' dir='ltr'><strong>porriginem</strong></span> 
     </span>
    </p>
   </div>
   <div class='ocr_carea' id='block_1_4' title="bbox 213 2388 1047 2501">
    <p class='ocr_par' dir='ltr' id='par_1_8' title="bbox 213 2388 1047 2501">
     <span class='ocr_line' id='line_1_30' title="bbox 213 2388 714 2443; baseline -0.002 -12"><span class='ocrx_word' id='word_1_219' title='bbox 213 2391 377 2443; x_wconf 90' lang='lat' dir='ltr'><strong>purgat</strong></span> <span class='ocrx_word' id='word_1_220' title='bbox 412 2421 690 2430; x_wconf 89' lang='grc'><strong>.......</strong></span> <span class='ocrx_word' id='word_1_221' title='bbox 706 2388 714 2408; x_wconf 86' lang='lat'>‘</span> 
     </span>
     <span class='ocr_line' id='line_1_31' title="bbox 894 2459 1047 2501; baseline -0.007 0"><span class='ocrx_word' id='word_1_222' title='bbox 894 2459 938 2501; x_wconf 78' lang='lat' dir='ltr'><strong>O.</strong></span> <span class='ocrx_word' id='word_1_223' title='bbox 972 2459 1047 2500; x_wconf 92' lang='lat' dir='ltr'><strong>IV.</strong></span> 
     </span>
    </p>
   </div>
   <div class='ocr_carea' id='block_1_5' title="bbox 214 2540 1726 2657">
    <p class='ocr_par' dir='ltr' id='par_1_9' title="bbox 214 2540 1726 2657">
     <span class='ocr_line' id='line_1_32' title="bbox 214 2540 1726 2597; baseline -0.001 -11"><span class='ocrx_word' id='word_1_224' title='bbox 214 2545 273 2587; x_wconf 92' lang='lat' dir='ltr'><strong>M.</strong></span> <span class='ocrx_word' id='word_1_225' title='bbox 306 2544 372 2587; x_wconf 89' lang='lat' dir='ltr'><strong>Pl.</strong></span> <span class='ocrx_word' id='word_1_226' title='bbox 406 2557 447 2597; x_wconf 93' lang='lat' dir='ltr'><strong>p.</strong></span> <span class='ocrx_word' id='word_1_227' title='bbox 486 2547 553 2597; x_wconf 90' lang='lat'><strong>16,</strong></span> <span class='ocrx_word' id='word_1_228' title='bbox 592 2546 663 2584; x_wconf 85' lang='lat'><strong>17:</strong></span> <span class='ocrx_word' id='word_1_229' title='bbox 715 2542 888 2596; x_wconf 91' lang='lat' dir='ltr'><strong>Operae</strong></span> <span class='ocrx_word' id='word_1_230' title='bbox 931 2541 1120 2596; x_wconf 87' lang='lat' dir='ltr'><strong>pretium</strong></span> <span class='ocrx_word' id='word_1_231' title='bbox 1166 2544 1234 2584; x_wconf 89' lang='lat' dir='ltr'><strong>est</strong></span> <span class='ocrx_word' id='word_1_232' title='bbox 1277 2541 1316 2584; x_wconf 89' lang='lat' dir='ltr'><strong>is</strong></span> <span class='ocrx_word' id='word_1_233' title='bbox 1357 2540 1430 2594; x_wconf 93' lang='lat' dir='ltr'><strong>qui</strong></span> <span class='ocrx_word' id='word_1_234' title='bbox 1463 2541 1726 2584; x_wconf 88' lang='lat' dir='ltr'><strong>erubescunt</strong></span> 
     </span>
     <span class='ocr_line' id='line_1_33' title="bbox 432 2612 1725 2657; baseline -0.002 0"><span class='ocrx_word' id='word_1_235' title='bbox 432 2627 561 2657; x_wconf 88' lang='lat' dir='ltr'><strong>senes</strong></span> <span class='ocrx_word' id='word_1_236' title='bbox 593 2614 736 2657; x_wconf 90' lang='lat' dir='ltr'><strong>videri</strong></span> <span class='ocrx_word' id='word_1_237' title='bbox 780 2626 1035 2657; x_wconf 89' lang='lat' dir='ltr'><strong>succurrere</strong></span> <span class='ocrx_word' id='word_1_238' title='bbox 1078 2616 1123 2655; x_wconf 90' lang='lat' dir='ltr'><strong>et</strong></span> <span class='ocrx_word' id='word_1_239' title='bbox 1165 2613 1201 2655; x_wconf 93' lang='lat' dir='ltr'><strong>si</strong></span> <span class='ocrx_word' id='word_1_240' title='bbox 1243 2625 1376 2655; x_wconf 90' lang='lat' dir='ltr'><strong>canos</strong></span> <span class='ocrx_word' id='word_1_241' title='bbox 1409 2625 1510 2655; x_wconf 87' lang='lat' dir='ltr'><strong>suos</strong></span> <span class='ocrx_word' id='word_1_242' title='bbox 1546 2612 1725 2655; x_wconf 90' lang='lat' dir='ltr'><strong>inficere</strong></span> 
     </span>
    </p>
   </div>
   <div class='ocr_carea' id='block_1_6' title="bbox 213 2705 1726 2935">
    <p class='ocr_par' dir='ltr' id='par_1_10' title="bbox 213 2705 1726 2935">
     <span class='ocr_line' id='line_1_34' title="bbox 338 2705 1726 2753; baseline -0.002 -9"><span class='ocrx_word' id='word_1_243' title='bbox 338 2710 347 2729; x_wconf 88' lang='lat'>¹</span> <span class='ocrx_word' id='word_1_244' title='bbox 387 2709 464 2744; x_wconf 90' lang='lat' dir='ltr'><strong>cod.</strong></span> <span class='ocrx_word' id='word_1_245' title='bbox 501 2708 705 2753; x_wconf 87' lang='lat' dir='ltr'><strong>Vat.-Reg.</strong></span> <span class='ocrx_word' id='word_1_246' title='bbox 748 2708 851 2750; x_wconf 88' lang='grc'>1004,</span> <span class='ocrx_word' id='word_1_247' title='bbox 889 2717 993 2750; x_wconf 87' lang='lat' dir='ltr'><strong>quem</strong></span> <span class='ocrx_word' id='word_1_248' title='bbox 1030 2706 1132 2741; x_wconf 86' lang='lat' dir='ltr'><strong>libris</strong></span> <span class='ocrx_word' id='word_1_249' title='bbox 1168 2716 1272 2741; x_wconf 89' lang='lat' dir='ltr'><strong>mscr.</strong></span> <span class='ocrx_word' id='word_1_250' title='bbox 1308 2706 1332 2741; x_wconf 88' lang='lat' dir='ltr'><strong>d</strong></span> <span class='ocrx_word' id='word_1_251' title='bbox 1370 2709 1407 2741; x_wconf 92' lang='lat' dir='ltr'><strong>et</strong></span> <span class='ocrx_word' id='word_1_252' title='bbox 1444 2716 1470 2750; x_wconf 76' lang='lat' dir='ltr'><strong>g·</strong></span> <span class='ocrx_word' id='word_1_253' title='bbox 1506 2705 1726 2742; x_wconf 86' lang='lat' dir='ltr'><strong>auctoritate</strong></span> 
     </span>
     <span class='ocr_line' id='line_1_35' title="bbox 213 2766 1723 2815; baseline -0.002 -9"><span class='ocrx_word' id='word_1_254' title='bbox 213 2781 335 2815; x_wconf 82' lang='lat' dir='ltr'><strong>parem</strong></span> <span class='ocrx_word' id='word_1_255' title='bbox 362 2770 420 2805; x_wconf 93' lang='lat' dir='ltr'><strong>vel</strong></span> <span class='ocrx_word' id='word_1_256' title='bbox 446 2769 667 2815; x_wconf 88' lang='lat' dir='ltr'><strong>superiorem</strong></span> <span class='ocrx_word' id='word_1_257' title='bbox 694 2778 772 2804; x_wconf 86' lang='lat' dir='ltr'><strong>esse</strong></span> <span class='ocrx_word' id='word_1_258' title='bbox 797 2767 1000 2803; x_wconf 84' lang='lat' dir='ltr'><strong>Koehlerus</strong></span> <span class='ocrx_word' id='word_1_259' title='bbox 1027 2766 1209 2812; x_wconf 88' lang='lat' dir='ltr'><strong>(Hermae,</strong></span> <span class='ocrx_word' id='word_1_260' title='bbox 1231 2766 1301 2802; x_wconf 89' lang='lat' dir='ltr'><strong>vol.</strong></span> <span class='ocrx_word' id='word_1_261' title='bbox 1322 2766 1459 2810; x_wconf 91' lang='lat' dir='ltr'><strong>XVIII,</strong></span> <span class='ocrx_word' id='word_1_262' title='bbox 1485 2777 1519 2811; x_wconf 91' lang='lat' dir='ltr'><strong>p.</strong></span> <span class='ocrx_word' id='word_1_263' title='bbox 1539 2767 1609 2802; x_wconf 83' lang='lat'><strong>382</strong></span> <span class='ocrx_word' id='word_1_264' title='bbox 1634 2767 1723 2813; x_wconf 85' lang='lat' dir='ltr'><strong>eqs.)</strong></span> 
     </span>
     <span class='ocr_line' id='line_1_36' title="bbox 215 2826 1723 2873; baseline -0.002 -8"><span class='ocrx_word' id='word_1_265' title='bbox 215 2829 314 2872; x_wconf 86' lang='lat' dir='ltr'><strong>dicit,</strong></span> <span class='ocrx_word' id='word_1_266' title='bbox 356 2829 466 2864; x_wconf 84' lang='lat' dir='ltr'><strong>verba</strong></span> <span class='ocrx_word' id='word_1_267' title='bbox 509 2828 648 2873; x_wconf 84' lang='lat' dir='ltr'><strong>,tritum</strong></span> <span class='ocrx_word' id='word_1_268' title='bbox 697 2827 902 2863; x_wconf 86' lang='lat' dir='ltr'><strong>infricatur‘</strong></span> <span class='ocrx_word' id='word_1_269' title='bbox 951 2837 1065 2871; x_wconf 85' lang='lat' dir='ltr'><strong>usque</strong></span> <span class='ocrx_word' id='word_1_270' title='bbox 1120 2827 1166 2862; x_wconf 87' lang='lat' dir='ltr'><strong>ad</strong></span> <span class='ocrx_word' id='word_1_271' title='bbox 1210 2826 1305 2869; x_wconf 89' lang='lat' dir='ltr'><strong>,vino</strong></span> <span class='ocrx_word' id='word_1_272' title='bbox 1350 2830 1386 2862; x_wconf 88' lang='lat' dir='ltr'><strong>et</strong></span> <span class='ocrx_word' id='word_1_273' title='bbox 1429 2826 1537 2862; x_wconf 87' lang='lat' dir='ltr'><strong>nitro‘</strong></span> <span class='ocrx_word' id='word_1_274' title='bbox 1592 2826 1723 2863; x_wconf 85' lang='lat' dir='ltr'><strong>omisit.</strong></span> 
     </span>
     <span class='ocr_line' id='line_1_37' title="bbox 214 2886 1284 2935; baseline -0.004 -11"><span class='ocrx_word' id='word_1_275' title='bbox 214 2889 370 2925; x_wconf 88' lang='lat' dir='ltr'><strong>Videtur</strong></span> <span class='ocrx_word' id='word_1_276' title='bbox 394 2889 509 2935; x_wconf 85' lang='lat' dir='ltr'><strong>igitur</strong></span> <span class='ocrx_word' id='word_1_277' title='bbox 534 2887 787 2933; x_wconf 84' lang='lat' dir='ltr'><strong>antiquissima</strong></span> <span class='ocrx_word' id='word_1_278' title='bbox 812 2897 890 2922; x_wconf 85' lang='lat' dir='ltr'><strong>esse</strong></span> <span class='ocrx_word' id='word_1_279' title='bbox 918 2886 1124 2932; x_wconf 87' lang='lat' dir='ltr'><strong>corruptela</strong></span> <span class='ocrx_word' id='word_1_280' title='bbox 1151 2890 1284 2922; x_wconf 87' lang='lat' dir='ltr'><strong>textus.</strong></span> 
     </span>
    </p>
   </div>
  </div>
 </body>
</html>
