1947 3391
1642 308 1705 351 45

208 446 371 503 deberi,
412 460 539 500 quam
581 446 771 490 Serenus
816 446 1049 501 excerpsit.
1114 445 1183 488 Ex
1225 446 1308 488 hac
1353 445 1489 500 igitur
1533 450 1578 488 et
1621 446 1708 488 alia

209 521 254 561 et
298 532 351 562 ea
394 518 590 562 remedia
622 518 833 573 originem
878 518 1055 572 ducunt,
1102 530 1215 571 quae
1255 530 1281 560 a
1314 517 1477 561 Sereno
1509 517 1707 561 mammis

208 590 416 633 sanandis
461 593 507 633 et
551 590 826 644 conceptioni
876 593 922 633 et
966 589 1114 644 partui
1164 589 1506 643 praecipiuntur.
1585 590 1707 644 Quae

206 661 401 706 remedia
445 675 521 705 cur
573 662 627 704 ab
677 665 856 705 auctore
913 660 1138 713 editionis,
1166 659 1345 703 minoris
1392 660 1551 703 omissa
1604 661 1705 715 sint,

207 733 337 777 facile
368 733 645 788 intelligitur.
709 733 794 777 Hic
839 733 953 777 enim
997 732 1056 787 id,
1103 732 1216 786 quod
1248 732 1399 787 voluit,
1445 746 1540 776 cum
1571 732 1706 776 libros

205 804 474 860 compilaret‚
507 805 552 848 in
584 805 803 859 prooemio
825 805 956 859 plane
985 804 1205 858 exposuit:
1242 817 1329 859 eos,
1364 804 1436 857 qui
1474 804 1518 846 in
1549 818 1705 858 pere-

205 875 620 931 grinationibus
673 879 973 930 versarentur,
1026 876 1081 918 ab
1129 875 1300 918 insidiis
1347 876 1610 919 medicorum
1659 889 1705 919 se

204 948 319 991 tueri
362 948 487 991 velle.
554 948 648 1003 Qua
694 961 787 991 cum
832 947 1006 991 ratione
1049 948 1161 990 bene
1203 947 1435 1001 consentit,
1479 948 1591 1001 quod
1630 961 1704 991 eos

205 1032 346 1074 casus,
380 1019 452 1072 qui
493 1019 645 1075 generi
689 1019 877 1063 femineo
923 1018 1141 1073 accidunt,
1186 1019 1394 1074 neglexit.
1458 1020 1520 1062 At
1552 1023 1705 1063 auctor

204 1090 381 1133 maioris
414 1090 619 1133 editionis
651 1091 813 1133 morbis
846 1091 1036 1134 cuiusvis
1068 1091 1243 1145 generis
1275 1091 1555 1144 prohibendis
1582 1105 1704 1146 prae-

205 1164 335 1215 cepta
361 1160 558 1204 contulit.
611 1161 886 1205 Revocemus
919 1164 1066 1204 autem
1097 1161 1142 1203 in
1173 1161 1424 1204 memoriam
1455 1160 1704 1216 legentibus

205 1232 441 1276 editionem
500 1232 711 1276 minorem
768 1234 846 1276 sub
911 1223 1084 1276 nomine
1136 1232 1268 1275 Plinii
1319 1232 1538 1286 proditam
1591 1245 1700 1276 esse.

204 1304 341 1360 Quem
382 1317 478 1348 cum
517 1304 706 1348 Serenus
745 1304 866 1360 citet,
909 1317 1090 1348 necesse
1132 1308 1201 1348 est
1242 1304 1454 1359 conicere,
1495 1304 1703 1347 maiorem

203 1380 371 1430 quoque
404 1376 640 1420 editionem
671 1377 813 1420 Plinio
847 1377 1117 1431 suppositam
1150 1376 1298 1420 fuisse.

323 1448 370 1491 Si
401 1449 511 1491 haec
548 1451 671 1492 recte
709 1448 1028 1502 disputavimus
1068 1452 1195 1502 patet
1228 1448 1463 1491 editionem
1495 1448 1703 1492 maiorem

202 1519 449 1563 Medicinae
470 1519 701 1563 Plinianae
730 1520 1022 1574 conscriptam
1055 1533 1151 1564 esse
1180 1523 1285 1563 ante
1307 1516 1506 1574 te'mpora
1530 1520 1701 1573 Sereni3

202 1590 410 1633 minorem
444 1604 571 1644 quam
603 1604 681 1634 nos
712 1591 896 1646 legimus
927 1592 1096 1635 Roseus
1129 1595 1284 1644 quarto
1318 1592 1492 1634 saeculo
1525 1606 1565 1645 p.
1603 1592 1701 1634 Chr.

201 1658 369 1706 tribuit.
