1947 3391
223 298 288 343 28

221 436 315 479 Ser.
340 440 512 488 v.,698:
548 437 640 480 Nec
668 450 754 480 non
788 440 833 479 et
859 440 1042 480 tenerae
1069 435 1227 491 gracili
1254 435 1309 478 de
1337 434 1495 479 fronde
1521 437 1733 490 genestae

546 508 765 562 Arreptos
798 508 947 552 caules
980 507 1193 560 acidoque
1225 506 1394 560 liquore
1425 507 1655 549 madentes

548 579 730 623 Sumere
763 579 997 624 conveniet
1031 612 1402 622 .........

221 649 279 693 cf.
314 650 427 693 Plin.
464 654 534 705 24,
570 655 645 703 663
682 676 736 681 —
770 651 917 694 Diosc.
951 667 994 692 π.
1029 651 1089 692 ὑλ.
1123 652 1229 704 ῖατρ.
1261 651 1295 704 Ι,
1334 653 1430 693 109.

221 723 280 765 M.
298 722 365 765 Pl.
383 725 455 777 43,
478 726 522 765 7:
557 722 727 765 rubiam
761 734 847 775 qua
874 722 1012 776 pelles
1045 721 1335 765 conficiuntur
1367 720 1551 764 cottidie
1583 720 1733 764 bibere

438 793 547 835 utile
581 797 662 836 est.
697 792 781 849 (sic
815 792 931 848 cod.)

222 863 317 908 Ser.
341 878 382 909 v.
409 868 513 908 700:
551 899 830 908 .......
864 864 1035 918 rubiam
1069 876 1238 918 quoque
1272 863 1432 907 ducere
1465 866 1584 917 potu.

222 935 280 978 Cf.
314 936 427 977 Plin.
463 941 533 990 24,
569 940 644 988 943
678 937 826 978 Diose.
860 953 901 977 π.
935 938 998 978 ὗλ.
1033 938 1135 990 ιάτρ.
1170 936 1251 990 ΠΙ,
1285 940 1356 979 40.

343 1006 558 1050 Conferas
592 1010 857 1062 apparatum
890 1006 1089 1050 criticum
1122 1005 1371 1049 Medicinae
1398 1006 1479 1060 PL,
1511 1005 1585 1048 ubi
1618 1005 1732 1048 cod.:

223 1078 388 1131 ,bibere
422 1082 503 1120 est.
540 1079 677 1121 Lauri
711 1083 757 1121 et
791 1113 799 1121 .
836 1113 844 1121 .
881 1113 889 1120 .
927 1080 950 1121 .‘
986 1092 1098 1130 quae
1130 1080 1268 1122 verba
1308 1078 1344 1121 si
1383 1078 1478 1131 quis
1517 1091 1612 1121 cum
1649 1076 1737 1121 illis

223 1147 538 1193 Sammoniceis
562 1148 902 1205 comparaverit,
930 1152 1053 1192 recte
1076 1148 1179 1192 inde
1209 1147 1474 1192 concluserit
1501 1148 1735 1190 lectionem

222 1220 419 1262 codicum
453 1233 551 1281 esse
584 1221 864 1264 servandam.

343 1291 452 1335 Tum
492 1291 546 1335 de
588 1294 716 1336 textu
754 1291 958 1335 Pliniano
998 1305 1140 1346 pauca
1184 1291 1349 1335 addere
1390 1291 1539 1334 liceat.
1602 1291 1736 1334 Ianus

224 1363 412 1406 coniecit
445 1364 647 1418 ,frondei⁴
681 1377 760 1417 pro
794 1364 868 1407 illo
907 1363 1078 1418 ,fronde
1117 1364 1175 1407 in‘
1217 1363 1427 1407 codicum.
1490 1362 1578 1406 Sed
1614 1375 1736 1416 prae-

223 1434 485 1486 positionem
529 1435 600 1488 ,in‘
641 1435 879 1478 tenendam
915 1448 1012 1478 esse
1043 1438 1163 1489 puto,
1189 1434 1392 1487 quoniam
1421 1433 1643 1477 Medicina
1668 1434 1734 1477 Pl.

223 1505 345 1548 illam
387 1506 600 1560 servavit,
636 1509 682 1548 et
721 1506 975 1561 legendum:
1019 1505 1208 1560 ,frondei
1239 1505 1313 1548 in‘.
1368 1505 1568 1558 Denique
1599 1506 1737 1549 verba

224 1578 251 1618 a
298 1575 462 1619 Sereno
509 1577 738 1620 illustrata
786 1577 849 1620 sic
897 1577 1189 1630 interpretor:
1243 1577 1355 1619 rami
1409 1576 1584 1619 frondei
1635 1579 1737 1619 sunt

224 1647 387 1701 caules,
419 1647 464 1689 in
498 1647 653 1700 quibus
687 1648 796 1691 folia
828 1647 1033 1703 genistae
1066 1648 1237 1702 sedent,
1268 1647 1505 1691 vernaculo
1539 1660 1737 1690 sermone

224 1718 560 1774 ,blattstengel‘.

821 1851 867 1893 0.
901 1851 1135 1893 XXXVII.

223 1933 281 1974 M.
316 1933 381 1975 Pl.
417 1936 487 1986 82,
525 1938 566 1974 7:
603 1934 756 1975 sordes
791 1946 845 1975 ex
878 1933 1087 1975 auriculis
1120 1933 1301 1986 pecudis
1333 1933 1589 1976 inlinuntur.

223 2002 316 2047 Ser.
340 2018 381 2047 v.
409 2008 511 2047 716:
547 2004 739 2048 Auribus
772 2007 850 2048 aut
887 2004 1069 2059 pecudis
1101 2004 1253 2048 moHes
1292 2003 1535 2058 expromito
1568 2003 1734 2058 sordes,

513 2068 831 2130 Unguine'quo
866 2076 973 2118 fotis
1006 2076 1186 2118 dabitur
1218 2076 1437 2118 medicina
1469 2071 1658 2129 papillis.

225 2146 282 2189 of.
315 2146 428 2189 Plin.
465 2151 534 2200 30,
573 2151 669 2190 108.

813 2278 857 2321 C.
892 2278 1148 2321 XXXVIII.

221 2361 280 2404 M.
304 2361 370 2403 Pl.
396 2365 466 2415 82,
492 2365 566 2404 20:
601 2361 754 2404 Fimus
788 2361 1058 2405 columbinus
1091 2374 1187 2404 cum
1219 2361 1298 2404 lini
1331 2361 1495 2405 semine
1529 2374 1583 2404 ex
1606 2364 1732 2404 aceto

439 2433 576 2475 mulso
609 2432 860 2485 imponitur.

223 2503 317 2547 Ser.
342 2518 382 2548 v.
410 2508 513 2547 726:
549 2503 839 2547 Dulcacidum
871 2503 1050 2547 laticem
1083 2517 1179 2547 cum
1210 2504 1290 2548 lini
1322 2504 1486 2548 semine
1518 2504 1649 2560 iunge

547 2576 695 2628 Atque
708 2575 855 2617 fimum
869 2575 1068 2628 Paphiae
1085 2576 1255 2629 pariter
1269 2589 1478 2630 compone
1493 2576 1731 2631 columbae,

500 2700 502 2702 ῃ
544 2646 661 2689 Hinc
692 2646 780 2690 line
814 2646 1000 2690 duratas
1032 2650 1185 2700 partes
1218 2650 1263 2690 et
1296 2648 1448 2691 clausa
1479 2660 1664 2691 venena.

224 2717 280 2761 cf.
314 2718 427 2762 Plin.
463 2723 533 2773 30,
571 2722 669 2761 107.

221 2790 279 2831 M.
314 2789 379 2831 Pl.
415 2793 486 2843 83,
521 2795 565 2831 2:
600 2789 717 2832 idem
749 2792 984 2843 praestant
1018 2793 1063 2832 et
1094 2790 1233 2843 lupini
1264 2790 1374 2833 triti.

224 2859 317 2902 Ser.
340 2873 381 2903 v.
408 2864 511 2902 729:
546 2860 793 2903 Praeterea
824 2859 922 2902 triti
954 2864 1158 2903 reserant
1191 2861 1408 2914 adoperta
1439 2861 1588 2915 lupini.

223 2930 280 2974 cf.
313 2931 426 2974 Plin.
462 2936 532 2986 22,
571 2935 673 2984 1563
708 2931 855 2975 Diosc.
889 2949 931 2973 π.
965 2932 1025 2974 ὑλ.
1059 2933 1165 2987 ἰατρ.
1199 2932 1257 2987 Π,
1295 2935 1391 2975 132.

904 3097 918 3123 2
