1947 3391
1705 281 1728 324 7

355 419 508 463 Facile
550 419 878 463 animadvertes
910 419 1119 463 Serenum
1160 419 1335 473 poetica
1373 419 1546 463 ratione
1585 433 1735 463 vocem

236 490 482 534 Medicinae
519 491 584 533 ΡΙ.
635 490 971 546 ‚gargarizatur‘
1015 490 1420 545 circumscripsisse.
1495 491 1542 534 Si
1590 494 1737 534 autem

238 561 332 616 quis
374 562 495 605 dicat
534 561 797 605 Medicinam
840 562 905 605 ΡΙ.
949 562 1062 605 hanc
1103 562 1458 616 compositionem
1504 575 1528 606 e
1574 562 1737 605 Sereno

237 634 449 689 hausisse,
482 634 563 683 hoc
594 646 678 677 uno
710 634 804 677 loco
838 646 934 677 eum
965 633 1165 677 refutare
1197 647 1377 687 nequeo.

958 765 1015 808 H.

239 850 296 892 M.
330 849 395 892 ΡΙ.
430 852 499 903 55,
536 852 608 891 17:
649 861 764 902 aqua
804 848 981 903 bibitur,
1020 849 1066 892 in
1107 862 1192 902 qua
1234 850 1386 892 holera
1428 850 1611 893 decocta
1654 849 1743 892 sint

454 920 607 963 addito
640 920 746 964 sale.

241 991 333 1035 Ser.
367 1005 408 1038 V.
441 990 547 1034 406:
581 991 672 1034 Aut
703 991 857 1035 viridis
896 995 1117 1035 coctorum
1149 992 1312 1035 olerum
1350 992 1578 1046 potabitur
1610 992 1741 1035 unda.

358 1066 507 1108 Verba
566 1065 733 1119 ,addito
790 1065 896 1109 sale‘
952 1065 1141 1109 Serenus
1197 1065 1371 1109 silentio
1426 1065 1741 1120 praetermisit.

240 1137 310 1179 An
342 1139 390 1179 tu
421 1139 552 1190 putas
583 1137 815 1191 legendum
848 1149 944 1180 esse
976 1137 1021 1179 in
1052 1137 1273 1181 Medicina
1300 1138 1365 1180 ΡΙ.
1402 1137 1559 1192 ,<non>
1592 1137 1745 1180 addito

241 1207 378 1252 sale‘?
430 1208 501 1251 Ad
532 1207 671 1251 Plini¹
706 1208 878 1262 quidem
913 1208 1015 1252 hist.
1050 1212 1141 1251 nat.
1175 1209 1276 1263 XX,
1302 1212 1356 1251 95
1391 1208 1546 1252 Sereni
1572 1221 1745 1253 versum

241 1281 268 1323 l.
303 1283 506 1335 spectare
538 1293 663 1336 nego.

953 1353 1033 1396 III.

241 1437 299 1479 M.
322 1436 387 1479 Pl.
412 1439 482 1490 44,
510 1440 581 1478 19:
627 1436 672 1478 in
703 1436 770 1479 his
802 1436 1085 1491 languoribus
1126 1437 1163 1478 si
1202 1436 1339 1479 febris
1371 1450 1458 1479 non
1492 1437 1551 1479 sit
1576 1438 1748 1480 marina

457 1519 571 1559 aqua
602 1506 746 1551 lavari
777 1506 885 1550 utile
918 1511 1000 1550 est.

244 1578 336 1621 Ser.
370 1592 411 1622 v.
445 1582 550 1621 438:
584 1578 790 1621 Proderit
828 1581 873 1620 et
909 1578 1097 1632 lymphis
1130 1591 1286 1632 corpus
1324 1591 1520 1622 mersare
1552 1579 1747 1622 marinis·

361 1649 447 1692 Vix
485 1649 745 1692 crediderim
785 1649 926 1703 ipsum
968 1652 1190 1692 auctorem
1240 1649 1488 1693 Medicinae
1528 1651 1594 1693 ΡΙ.
1640 1651 1749 1693 haec

244 1722 381 1765 verba
417 1720 467 1775 ,si
496 1720 633 1763 febris
662 1733 749 1763 non
778 1720 849 1763 sit‘
883 1720 999 1763 ultro
1027 1720 1279 1763 additurum
1302 1720 1454 1775 fuisse,
1479 1721 1516 1764 si
1539 1721 1749 1765 Serenum

246 1797 421 1836 secutus
463 1797 599 1845 esset,
642 1806 743 1835 nam
784 1793 861 1836 illa
902 1793 1077 1836 addidit
1120 1797 1241 1836 certe
1282 1795 1407 1837 homo
1450 1794 1516 1837 rei
1553 1794 1750 1838 medicae

245 1865 426 1919 peritus.
498 1865 542 1908 Is
584 1867 745 1919 autem,
786 1865 858 1917 qui
898 1868 1129 1918 utrumque
1173 1868 1398 1908 auctorem
1444 1866 1595 1909 eodem
1639 1866 1750 1909 libro

247 1981 390 2018 dixerit.
453 1981 566 2026 Quam
603 1981 735 2017 habere
772 1982 984 2027 productam
1021 1982 1195 2027 syllabam
1229 1982 1288 2017 hic
1318 1986 1418 2027 recte
1450 1984 1610 2028 negavit.
1671 1984 1750 2018 Duo

246 2043 341 2079 enim
363 2042 434 2078 loci
460 2045 615 2086 exstant,
641 2042 736 2078 unde
761 2045 893 2078 natura
918 2042 1078 2087 syllabae
1102 2043 1208 2087 plane
1233 2042 1484 2087 perspiciatur.
1530 2043 1659 2087 (Lucil.
1682 2048 1750 2079 sat.

247 2104 304 2146 30,
336 2103 402 2147 383
435 2102 556 2138 Plaut.
591 2102 690 2137 Trin.
726 2113 759 2137 v.
786 2102 884 2147 540.)
933 2102 1060 2146 Neque
1095 2106 1216 2138 tamen
1254 2102 1290 2137 id
1322 2103 1443 2147 probo,
1481 2104 1575 2147 quod
1609 2103 1671 2138 ille
1697 2103 1750 2138 rei

246 2161 418 2198 metricae
442 2161 682 2206 peritissimus
707 2161 763 2197 vir
788 2161 959 2207 conjecit:

524 2220 669 2268 Angina
693 2231 779 2257 vero
805 2220 872 2257 sibi
896 2221 1048 2256 mixtum
1073 2221 1148 2256 sale
1174 2221 1291 2265 poscit
1316 2224 1470 2256 acetum.

341 2282 434 2318 Nam
475 2282 648 2318 Serenum
693 2281 783 2326 (etsi
819 2281 1077 2327 imperatorum
1119 2280 1339 2326 temporibus
1381 2281 1516 2317 multae
1553 2281 1749 2326 productae

246 2342 405 2387 syllabae
430 2341 546 2388 magis
570 2341 756 2388 magisque
782 2343 1017 2386 evanescunt)
1043 2341 1110 2376 hac
1135 2341 1173 2376 in
1191 2352 1230 2376 re
1255 2343 1382 2386 poetas
1407 2345 1569 2376 secutum
1596 2341 1750 2385 optimos

214 2410 216 2415 ·
246 2413 371 2438 vocem
399 2401 509 2446 ‚vero‘
535 2412 676 2447 semper
701 2405 863 2438 extrema
887 2401 1025 2447 syllaba
1048 2401 1224 2446 producta
1248 2405 1480 2446 pronuntiass
1505 2428 1513 2444 ,
1586 2400 1748 2436 versibus

249 2464 327 2505 155,
362 2463 443 2510 956,
485 2463 573 2497 1061
612 2461 780 2508 cognosci
803 2466 936 2506 potest.
986 2462 1105 2505 Atque
1132 2461 1280 2496 eandem
1314 2461 1518 2505 prosodiam
1572 2460 1747 2496 dhibitam

246 2521 409 2557 videmus
442 2522 480 2557 in
513 2533 547 2558 v.
573 2533 607 2557 v.
639 2522 685 2557 95
720 2521 844 2566 (ideo),
880 2510 948 2556 103
983 2521 1107 2566 (raro),
1141 2522 1212 2555 453
1248 2520 1415 2565 (crebro).
1485 2497 1619 2555 &nitra
1662 2530 1748 2555 voce

248 2584 359 2629 ‚ergo‘
385 2581 540 2616 Serenus
565 2588 604 2616 et
627 2581 803 2625 producta
832 2582 881 2625 (v.
906 2582 992 2625 811)
1021 2585 1059 2616 et
1082 2580 1183 2615 brevi
1218 2582 1291 2624 (vv.
1318 2581 1374 2622 73,
1401 2581 1481 2622 663,
1509 2581 1594 2623 997)
1620 2580 1747 2620 utitur,

247 2642 424 2687 Ovidium,
450 2644 493 2677 ut
516 2641 671 2685 videtur,
697 2639 870 2676 imitatus.
931 2639 1154 2675 Probabilem
1187 2639 1301 2685 igitur
1332 2638 1619 2674 emendationem
1657 2638 1749 2673 desi-

246 2704 423 2739 deramus.
471 2701 698 2749 Egoquidem
735 2707 836 2737 ratus
868 2696 1083 2737 attributum
1117 2699 1272 2744 aliquod,
1299 2699 1392 2744 quod
1423 2698 1469 2734 ad
1493 2708 1623 2734 nomen
1649 2698 1747 2742 ,sale‘

246 2763 459 2809 pertineret,
486 2761 660 2798 excidisse
684 2761 784 2807 lego:

363 2823 509 2869 Angina
541 2832 628 2858 vero
661 2821 741 2858 albo
772 2820 924 2856 mixtum
959 2820 1033 2855 sale
1067 2819 1184 2864 poscit
1217 2822 1360 2854 acetum
1392 2818 1452 2863 (cf.
1484 2829 1518 2853 v.
1547 2819 1657 2853 1105:
1694 2817 1748 2853 sal

245 2883 416 2927 niveum).

368 2943 378 2963 ¹
405 2942 442 2978 G.
457 2941 567 2977 Plinii
578 2941 735 2977 Secundi
754 2940 930 2976 naturalis
949 2938 1111 2974 historia.
1126 2948 1197 2973 rec.
1212 2938 1253 2972 D.
1269 2936 1469 2972 Detlefsen.
1490 2937 1625 2980 Berlin,
1644 2938 1747 2972 1871.
