<?xml version="1.0" encoding="UTF-8"?>
<!DOCTYPE html PUBLIC "-//W3C//DTD XHTML 1.0 Transitional//EN"
    "http://www.w3.org/TR/xhtml1/DTD/xhtml1-transitional.dtd">
<html xmlns="http://www.w3.org/1999/xhtml" xml:lang="en" lang="en">
 <head>
  <title>
</title>
<meta http-equiv="Content-Type" content="text/html;charset=utf-8" />
  <meta name='ocr-system' content='tesseract 3.04.00' />
  <meta name='ocr-capabilities' content='ocr_page ocr_carea ocr_par ocr_line ocrx_word'/>
</head>
<body>
  <div class='ocr_page' id='page_1' title='image "./4626637_0064.png"; bbox 0 0 1947 3391; ppageno 0'>
   <div class='ocr_carea' id='block_1_1' title="bbox 259 276 322 321">
    <p class='ocr_par' dir='ltr' id='par_1_1' title="bbox 259 276 322 321">
     <span class='ocr_line' id='line_1_1' title="bbox 259 276 322 321; baseline 0 0"><span class='ocrx_word' id='word_1_1' title='bbox 259 276 322 321; x_wconf 79' lang='lat'>58</span> 
     </span>
    </p>
   </div>
   <div class='ocr_carea' id='block_1_2' title="bbox 254 414 1772 684">
    <p class='ocr_par' dir='ltr' id='par_1_2' title="bbox 254 414 1772 612">
     <span class='ocr_line' id='line_1_2' title="bbox 254 414 1772 471; baseline 0 -14"><span class='ocrx_word' id='word_1_2' title='bbox 254 415 366 458; x_wconf 86' lang='lat' dir='ltr'>Plin.</span> <span class='ocrx_word' id='word_1_3' title='bbox 403 419 472 469; x_wconf 99' lang='lat'>32,</span> <span class='ocrx_word' id='word_1_4' title='bbox 511 419 612 458; x_wconf 89' lang='lat'>123:</span> <span class='ocrx_word' id='word_1_5' title='bbox 647 414 862 459; x_wconf 89' lang='lat' dir='ltr'>Diversus</span> <span class='ocrx_word' id='word_1_6' title='bbox 895 414 1144 458; x_wconf 86' lang='lat' dir='ltr'>hirudinum</span> <span class='ocrx_word' id='word_1_7' title='bbox 1171 428 1280 468; x_wconf 85' lang='lat' dir='ltr'>quas</span> <span class='ocrx_word' id='word_1_8' title='bbox 1298 414 1590 471; x_wconf 81' lang='lat' dir='ltr'>sanguisugas</span> <span class='ocrx_word' id='word_1_9' title='bbox 1612 417 1772 459; x_wconf 91' lang='lat' dir='ltr'>vocent</span> 
     </span>
     <span class='ocr_line' id='line_1_3' title="bbox 473 486 1772 540; baseline 0 -12"><span class='ocrx_word' id='word_1_10' title='bbox 473 486 532 528; x_wconf 91' lang='lat' dir='ltr'>ad</span> <span class='ocrx_word' id='word_1_11' title='bbox 564 486 885 529; x_wconf 89' lang='lat' dir='ltr'>extrahendum</span> <span class='ocrx_word' id='word_1_12' title='bbox 918 486 1176 540; x_wconf 89' lang='lat' dir='ltr'>sanguinem</span> <span class='ocrx_word' id='word_1_13' title='bbox 1208 499 1312 529; x_wconf 91' lang='lat' dir='ltr'>usus</span> <span class='ocrx_word' id='word_1_14' title='bbox 1346 489 1415 529; x_wconf 89' lang='lat' dir='ltr'>est</span> <span class='ocrx_word' id='word_1_15' title='bbox 1457 520 1466 528; x_wconf 92' lang='lat'><strong><em>.</em></strong></span> <span class='ocrx_word' id='word_1_16' title='bbox 1504 520 1511 528; x_wconf 92' lang='lat'>.</span> <span class='ocrx_word' id='word_1_17' title='bbox 1548 520 1556 528; x_wconf 90' lang='lat'><strong>.</strong></span> <span class='ocrx_word' id='word_1_18' title='bbox 1593 520 1601 528; x_wconf 93' lang='lat'>.</span> <span class='ocrx_word' id='word_1_19' title='bbox 1646 486 1772 529; x_wconf 90' lang='lat' dir='ltr'>multi</span> 
     </span>
     <span class='ocr_line' id='line_1_4' title="bbox 472 552 1495 612; baseline -0.001 -12"><span class='ocrx_word' id='word_1_20' title='bbox 472 556 683 612; x_wconf 79' lang='lat' dir='ltr'>podagris</span> <span class='ocrx_word' id='word_1_21' title='bbox 724 569 894 610; x_wconf 85' lang='lat' dir='ltr'>quoque</span> <span class='ocrx_word' id='word_1_22' title='bbox 936 552 1239 600; x_wconf 86' lang='lat' dir='ltr'>admittendas</span> <span class='ocrx_word' id='word_1_23' title='bbox 1272 570 1495 601; x_wconf 72' lang='lat' dir='ltr'>censuere.</span> 
     </span>
    </p>

    <p class='ocr_par' dir='ltr' id='par_1_3' title="bbox 256 628 1771 684">
     <span class='ocr_line' id='line_1_5' title="bbox 256 628 1771 684; baseline 0.001 -13"><span class='ocrx_word' id='word_1_24' title='bbox 256 629 349 671; x_wconf 89' lang='lat' dir='ltr'>Ser.</span> <span class='ocrx_word' id='word_1_25' title='bbox 375 643 415 671; x_wconf 79' lang='lat' dir='ltr'>v.</span> <span class='ocrx_word' id='word_1_26' title='bbox 444 633 550 671; x_wconf 87' lang='lat'>784:</span> <span class='ocrx_word' id='word_1_27' title='bbox 588 628 701 671; x_wconf 94' lang='lat' dir='ltr'>Sunt</span> <span class='ocrx_word' id='word_1_28' title='bbox 728 628 883 681; x_wconf 89' lang='lat' dir='ltr'>quibus</span> <span class='ocrx_word' id='word_1_29' title='bbox 913 628 1120 682; x_wconf 87' lang='lat' dir='ltr'>adposita</span> <span class='ocrx_word' id='word_1_30' title='bbox 1138 628 1332 672; x_wconf 90' lang='lat' dir='ltr'>siccatur</span> <span class='ocrx_word' id='word_1_31' title='bbox 1356 629 1559 673; x_wconf 89' lang='lat' dir='ltr'>hirudine</span> <span class='ocrx_word' id='word_1_32' title='bbox 1576 629 1771 684; x_wconf 89' lang='lat' dir='ltr'>sanguis.</span> 
     </span>
    </p>
   </div>
   <div class='ocr_carea' id='block_1_3' title="bbox 254 734 1772 1435">
    <p class='ocr_par' dir='ltr' id='par_1_4' title="bbox 255 734 1772 1137">
     <span class='ocr_line' id='line_1_6' title="bbox 255 734 1769 795; baseline 0 -17"><span class='ocrx_word' id='word_1_33' title='bbox 255 735 368 778; x_wconf 90' lang='lat' dir='ltr'>Plin.</span> <span class='ocrx_word' id='word_1_34' title='bbox 418 739 488 789; x_wconf 88' lang='lat'>22,</span> <span class='ocrx_word' id='word_1_35' title='bbox 543 739 651 777; x_wconf 84' lang='lat'>120:</span> <span class='ocrx_word' id='word_1_36' title='bbox 703 734 865 778; x_wconf 89' lang='lat' dir='ltr'>Sextus</span> <span class='ocrx_word' id='word_1_37' title='bbox 912 734 1180 788; x_wconf 85' lang='lat' dir='ltr'>Pomponius</span> <span class='ocrx_word' id='word_1_38' title='bbox 1222 735 1449 795; x_wconf 30' lang='lat' dir='ltr'>‚praetorii</span> <span class='ocrx_word' id='word_1_39' title='bbox 1497 735 1581 780; x_wconf 91' lang='lat' dir='ltr'>viri</span> <span class='ocrx_word' id='word_1_40' title='bbox 1627 739 1769 790; x_wconf 88' lang='lat' dir='ltr'>pater,</span> 
     </span>
     <span class='ocr_line' id='line_1_7' title="bbox 471 806 1771 861; baseline 0 -11"><span class='ocrx_word' id='word_1_41' title='bbox 471 806 717 861; x_wconf 82' lang='lat' dir='ltr'>Hispaniae</span> <span class='ocrx_word' id='word_1_42' title='bbox 772 806 990 850; x_wconf 80' lang='lat' dir='ltr'>citerioris</span> <span class='ocrx_word' id='word_1_43' title='bbox 1049 806 1253 860; x_wconf 91' lang='lat' dir='ltr'>princeps</span> <span class='ocrx_word' id='word_1_44' title='bbox 1308 819 1402 849; x_wconf 88' lang='lat' dir='ltr'>cum</span> <span class='ocrx_word' id='word_1_45' title='bbox 1460 807 1630 851; x_wconf 87' lang='lat' dir='ltr'>horreis</span> <span class='ocrx_word' id='word_1_46' title='bbox 1682 807 1771 850; x_wconf 87' lang='lat' dir='ltr'>suis</span> 
     </span>
     <span class='ocr_line' id='line_1_8' title="bbox 471 879 1770 935; baseline 0.002 -14"><span class='ocrx_word' id='word_1_47' title='bbox 471 879 743 922; x_wconf 84' lang='lat' dir='ltr'>ventilandis</span> <span class='ocrx_word' id='word_1_48' title='bbox 775 879 1066 932; x_wconf 84' lang='lat' dir='ltr'>praesideret,</span> <span class='ocrx_word' id='word_1_49' title='bbox 1102 882 1330 932; x_wconf 89' lang='lat' dir='ltr'>correptus</span> <span class='ocrx_word' id='word_1_50' title='bbox 1363 879 1513 922; x_wconf 91' lang='lat' dir='ltr'>dolore</span> <span class='ocrx_word' id='word_1_51' title='bbox 1545 880 1770 935; x_wconf 85' lang='lat' dir='ltr'>podagrae</span> 
     </span>
     <span class='ocr_line' id='line_1_9' title="bbox 472 949 1770 1005; baseline 0 -11"><span class='ocrx_word' id='word_1_52' title='bbox 472 949 626 994; x_wconf 90' lang='lat' dir='ltr'>mersit</span> <span class='ocrx_word' id='word_1_53' title='bbox 670 949 716 993; x_wconf 90' lang='lat' dir='ltr'>in</span> <span class='ocrx_word' id='word_1_54' title='bbox 762 949 960 993; x_wconf 87' lang='lat' dir='ltr'>triticum</span> <span class='ocrx_word' id='word_1_55' title='bbox 1006 962 1138 1004; x_wconf 89' lang='lat' dir='ltr'>super</span> <span class='ocrx_word' id='word_1_56' title='bbox 1184 963 1329 1005; x_wconf 87' lang='lat' dir='ltr'>genua</span> <span class='ocrx_word' id='word_1_57' title='bbox 1369 963 1466 993; x_wconf 91' lang='lat' dir='ltr'>sese</span> <span class='ocrx_word' id='word_1_58' title='bbox 1508 952 1770 1004; x_wconf 89' lang='lat' dir='ltr'>levatusque</span> 
     </span>
     <span class='ocr_line' id='line_1_10' title="bbox 475 1021 1772 1077; baseline 0.002 -13"><span class='ocrx_word' id='word_1_59' title='bbox 475 1022 656 1064; x_wconf 85' lang='lat' dir='ltr'>siccatis</span> <span class='ocrx_word' id='word_1_60' title='bbox 689 1021 875 1074; x_wconf 89' lang='lat' dir='ltr'>pedibus</span> <span class='ocrx_word' id='word_1_61' title='bbox 912 1021 1158 1064; x_wconf 88' lang='lat' dir='ltr'>mirabilem</span> <span class='ocrx_word' id='word_1_62' title='bbox 1199 1022 1244 1065; x_wconf 92' lang='lat' dir='ltr'>in</span> <span class='ocrx_word' id='word_1_63' title='bbox 1277 1022 1450 1065; x_wconf 90' lang='lat' dir='ltr'>modum</span> <span class='ocrx_word' id='word_1_64' title='bbox 1491 1024 1574 1066; x_wconf 91' lang='lat' dir='ltr'>hoc</span> <span class='ocrx_word' id='word_1_65' title='bbox 1614 1026 1772 1077; x_wconf 88' lang='lat' dir='ltr'>postea</span> 
     </span>
     <span class='ocr_line' id='line_1_11' title="bbox 470 1092 902 1137; baseline -0.005 0"><span class='ocrx_word' id='word_1_66' title='bbox 470 1092 666 1137; x_wconf 89' lang='lat' dir='ltr'>remedio</span> <span class='ocrx_word' id='word_1_67' title='bbox 689 1105 793 1136; x_wconf 84' lang='lat' dir='ltr'>usus</span> <span class='ocrx_word' id='word_1_68' title='bbox 821 1095 902 1136; x_wconf 90' lang='lat' dir='ltr'>est.</span> 
     </span>
    </p>

    <p class='ocr_par' dir='ltr' id='par_1_5' title="bbox 254 1164 1699 1219">
     <span class='ocr_line' id='line_1_12' title="bbox 254 1164 1699 1219; baseline 0.002 -13"><span class='ocrx_word' id='word_1_69' title='bbox 254 1164 347 1207; x_wconf 90' lang='lat' dir='ltr'>Ser.</span> <span class='ocrx_word' id='word_1_70' title='bbox 372 1179 413 1207; x_wconf 91' lang='lat' dir='ltr'>v.</span> <span class='ocrx_word' id='word_1_71' title='bbox 440 1169 543 1207; x_wconf 86' lang='lat'>785:</span> <span class='ocrx_word' id='word_1_72' title='bbox 579 1165 676 1207; x_wconf 91' lang='lat' dir='ltr'>Non</span> <span class='ocrx_word' id='word_1_73' title='bbox 710 1164 864 1207; x_wconf 88' lang='lat' dir='ltr'>audita</span> <span class='ocrx_word' id='word_1_74' title='bbox 896 1165 1002 1207; x_wconf 92' lang='lat' dir='ltr'>mihi</span> <span class='ocrx_word' id='word_1_75' title='bbox 1036 1165 1106 1208; x_wconf 87' lang='lat' dir='ltr'>fas</span> <span class='ocrx_word' id='word_1_76' title='bbox 1140 1165 1211 1219; x_wconf 88' lang='lat' dir='ltr'>sit,</span> <span class='ocrx_word' id='word_1_77' title='bbox 1246 1165 1324 1208; x_wconf 87' lang='lat' dir='ltr'>sed</span> <span class='ocrx_word' id='word_1_78' title='bbox 1355 1165 1475 1208; x_wconf 90' lang='lat' dir='ltr'>lecta</span> <span class='ocrx_word' id='word_1_79' title='bbox 1507 1164 1699 1209; x_wconf 84' lang='lat' dir='ltr'>referre:</span> 
     </span>
    </p>

    <p class='ocr_par' dir='ltr' id='par_1_6' title="bbox 577 1236 1771 1435">
     <span class='ocr_line' id='line_1_13' title="bbox 577 1236 1771 1291; baseline 0 -11"><span class='ocrx_word' id='word_1_80' title='bbox 577 1237 674 1280; x_wconf 89' lang='lat' dir='ltr'>Hoc</span> <span class='ocrx_word' id='word_1_81' title='bbox 692 1236 868 1290; x_wconf 88' lang='lat' dir='ltr'>quidam</span> <span class='ocrx_word' id='word_1_82' title='bbox 887 1237 1099 1291; x_wconf 87' lang='lat' dir='ltr'>gravidus</span> <span class='ocrx_word' id='word_1_83' title='bbox 1122 1238 1272 1280; x_wconf 90' lang='lat' dir='ltr'>morbo</span> <span class='ocrx_word' id='word_1_84' title='bbox 1291 1250 1370 1290; x_wconf 89' lang='lat' dir='ltr'>per</span> <span class='ocrx_word' id='word_1_85' title='bbox 1388 1240 1590 1291; x_wconf 89' lang='lat' dir='ltr'>tempora</span> <span class='ocrx_word' id='word_1_86' title='bbox 1616 1238 1771 1281; x_wconf 91' lang='lat' dir='ltr'>messis</span> 
     </span>
     <span class='ocr_line' id='line_1_14' title="bbox 578 1308 1579 1362; baseline 0.002 -11"><span class='ocrx_word' id='word_1_87' title='bbox 578 1308 733 1352; x_wconf 88' lang='lat' dir='ltr'>Vicino</span> <span class='ocrx_word' id='word_1_88' title='bbox 767 1309 946 1362; x_wconf 86' lang='lat' dir='ltr'>plantas</span> <span class='ocrx_word' id='word_1_89' title='bbox 984 1308 1191 1352; x_wconf 77' lang='lat' dir='ltr'>frumenti</span> <span class='ocrx_word' id='word_1_90' title='bbox 1223 1308 1387 1362; x_wconf 85' lang='lat' dir='ltr'>pressit</span> <span class='ocrx_word' id='word_1_91' title='bbox 1420 1322 1579 1353; x_wconf 88' lang='lat' dir='ltr'>acervo</span> 
     </span>
     <span class='ocr_line' id='line_1_15' title="bbox 582 1379 1702 1435; baseline 0.002 -13"><span class='ocrx_word' id='word_1_92' title='bbox 582 1379 828 1433; x_wconf 87' lang='lat' dir='ltr'>Evasitque</span> <span class='ocrx_word' id='word_1_93' title='bbox 860 1393 1043 1435; x_wconf 88' lang='lat' dir='ltr'>gravem</span> <span class='ocrx_word' id='word_1_94' title='bbox 1075 1393 1181 1423; x_wconf 89' lang='lat' dir='ltr'>casu</span> <span class='ocrx_word' id='word_1_95' title='bbox 1213 1380 1463 1423; x_wconf 91' lang='lat' dir='ltr'>medicante</span> <span class='ocrx_word' id='word_1_96' title='bbox 1496 1381 1702 1424; x_wconf 89' lang='lat' dir='ltr'>dolorem.</span> 
     </span>
    </p>
   </div>
   <div class='ocr_carea' id='block_1_4' title="bbox 259 1535 1772 1747">
    <p class='ocr_par' dir='ltr' id='par_1_7' title="bbox 259 1535 1772 1747">
     <span class='ocr_line' id='line_1_16' title="bbox 891 1535 1137 1578; baseline 0 -1"><span class='ocrx_word' id='word_1_97' title='bbox 891 1535 936 1578; x_wconf 82' lang='lat' dir='ltr'>C.</span> <span class='ocrx_word' id='word_1_98' title='bbox 970 1536 1137 1577; x_wconf 89' lang='lat' dir='ltr'>XLIII.</span> 
     </span>
     <span class='ocr_line' id='line_1_17' title="bbox 259 1618 1772 1675; baseline 0.002 -14"><span class='ocrx_word' id='word_1_99' title='bbox 259 1619 370 1662; x_wconf 89' lang='lat' dir='ltr'>Plin.</span> <span class='ocrx_word' id='word_1_100' title='bbox 406 1624 476 1673; x_wconf 76' lang='lat'>29,</span> <span class='ocrx_word' id='word_1_101' title='bbox 513 1623 586 1662; x_wconf 87' lang='lat'>31:</span> <span class='ocrx_word' id='word_1_102' title='bbox 623 1619 703 1675; x_wconf 84' lang='lat' dir='ltr'>(sc.</span> <span class='ocrx_word' id='word_1_103' title='bbox 737 1618 861 1671; x_wconf 88' lang='lat' dir='ltr'>lana)</span> <span class='ocrx_word' id='word_1_104' title='bbox 895 1619 1080 1662; x_wconf 89' lang='lat' dir='ltr'>vulnera</span> <span class='ocrx_word' id='word_1_105' title='bbox 1114 1632 1167 1662; x_wconf 88' lang='lat' dir='ltr'>ex</span> <span class='ocrx_word' id='word_1_106' title='bbox 1201 1619 1301 1663; x_wconf 88' lang='lat' dir='ltr'>vino</span> <span class='ocrx_word' id='word_1_107' title='bbox 1337 1654 1526 1663; x_wconf 91' lang='grc'><strong>.....</strong></span> <span class='ocrx_word' id='word_1_108' title='bbox 1562 1633 1772 1675; x_wconf 90' lang='lat' dir='ltr'>expressa</span> 
     </span>
     <span class='ocr_line' id='line_1_18' title="bbox 476 1690 1770 1747; baseline 0.002 -15"><span class='ocrx_word' id='word_1_109' title='bbox 476 1694 605 1733; x_wconf 82' lang='lat' dir='ltr'>sanat</span> <span class='ocrx_word' id='word_1_110' title='bbox 604 1720 875 1733; x_wconf 80' lang='grc'><strong><em>.......</em></strong></span> <span class='ocrx_word' id='word_1_111' title='bbox 910 1690 1008 1747; x_wconf 87' lang='lat'>(33)</span> <span class='ocrx_word' id='word_1_112' title='bbox 1052 1690 1160 1733; x_wconf 90' lang='lat' dir='ltr'>cinis</span> <span class='ocrx_word' id='word_1_113' title='bbox 1203 1691 1295 1734; x_wconf 88' lang='lat' dir='ltr'>eius</span> <span class='ocrx_word' id='word_1_114' title='bbox 1334 1691 1533 1734; x_wconf 90' lang='lat' dir='ltr'>inlinitur</span> <span class='ocrx_word' id='word_1_115' title='bbox 1576 1692 1770 1747; x_wconf 83' lang='lat' dir='ltr'>adtritis,</span> 
     </span>
    </p>
   </div>
   <div class='ocr_carea' id='block_1_5' title="bbox 259 1761 1671 1960">
    <p class='ocr_par' dir='ltr' id='par_1_8' title="bbox 259 1761 1671 1960">
     <span class='ocr_line' id='line_1_19' title="bbox 475 1761 998 1816; baseline -0.002 -11"><span class='ocrx_word' id='word_1_116' title='bbox 475 1762 735 1816; x_wconf 91' lang='lat' dir='ltr'>vulneratis,</span> <span class='ocrx_word' id='word_1_117' title='bbox 770 1761 998 1805; x_wconf 87' lang='lat' dir='ltr'>ambustis.</span> 
     </span>
     <span class='ocr_line' id='line_1_20' title="bbox 259 1833 1616 1889; baseline 0.001 -12"><span class='ocrx_word' id='word_1_118' title='bbox 259 1834 352 1878; x_wconf 87' lang='lat' dir='ltr'>Ser.</span> <span class='ocrx_word' id='word_1_119' title='bbox 378 1848 417 1878; x_wconf 88' lang='lat' dir='ltr'>v.</span> <span class='ocrx_word' id='word_1_120' title='bbox 443 1837 548 1877; x_wconf 86' lang='lat'>815:</span> <span class='ocrx_word' id='word_1_121' title='bbox 584 1833 746 1877; x_wconf 87' lang='lat' dir='ltr'>Sucida</span> <span class='ocrx_word' id='word_1_122' title='bbox 780 1846 876 1877; x_wconf 86' lang='lat' dir='ltr'>cum</span> <span class='ocrx_word' id='word_1_123' title='bbox 909 1833 1059 1887; x_wconf 88' lang='lat' dir='ltr'>tepido</span> <span class='ocrx_word' id='word_1_124' title='bbox 1093 1837 1298 1877; x_wconf 90' lang='lat' dir='ltr'>nectetur</span> <span class='ocrx_word' id='word_1_125' title='bbox 1328 1834 1433 1877; x_wconf 90' lang='lat' dir='ltr'>lana</span> <span class='ocrx_word' id='word_1_126' title='bbox 1465 1835 1616 1889; x_wconf 86' lang='lat' dir='ltr'>Lyaeo</span> 
     </span>
     <span class='ocr_line' id='line_1_21' title="bbox 582 1905 1671 1960; baseline 0.001 -11"><span class='ocrx_word' id='word_1_127' title='bbox 582 1906 884 1950; x_wconf 90' lang='lat' dir='ltr'>Ambustaeve</span> <span class='ocrx_word' id='word_1_128' title='bbox 918 1905 1028 1950; x_wconf 90' lang='lat' dir='ltr'>cinis</span> <span class='ocrx_word' id='word_1_129' title='bbox 1062 1906 1298 1960; x_wconf 90' lang='lat' dir='ltr'>complebit</span> <span class='ocrx_word' id='word_1_130' title='bbox 1330 1906 1525 1951; x_wconf 89' lang='lat' dir='ltr'>vulneris</span> <span class='ocrx_word' id='word_1_131' title='bbox 1558 1920 1671 1950; x_wconf 89' lang='lat' dir='ltr'>oras.</span> 
     </span>
    </p>
   </div>
   <div class='ocr_carea' id='block_1_6' title="bbox 257 2013 1775 2280">
    <p class='ocr_par' dir='ltr' id='par_1_9' title="bbox 257 2013 1775 2280">
     <span class='ocr_line' id='line_1_22' title="bbox 257 2013 1775 2066; baseline 0.001 -10"><span class='ocrx_word' id='word_1_132' title='bbox 257 2014 370 2057; x_wconf 90' lang='lat' dir='ltr'>Plin.</span> <span class='ocrx_word' id='word_1_133' title='bbox 405 2018 474 2066; x_wconf 84' lang='lat'>24,</span> <span class='ocrx_word' id='word_1_134' title='bbox 510 2018 586 2056; x_wconf 72' lang='lat'>48:</span> <span class='ocrx_word' id='word_1_135' title='bbox 621 2013 737 2057; x_wconf 91' lang='lat' dir='ltr'>Ulmi</span> <span class='ocrx_word' id='word_1_136' title='bbox 770 2017 816 2056; x_wconf 90' lang='lat' dir='ltr'>et</span> <span class='ocrx_word' id='word_1_137' title='bbox 848 2013 957 2056; x_wconf 86' lang='lat' dir='ltr'>folia</span> <span class='ocrx_word' id='word_1_138' title='bbox 990 2017 1036 2056; x_wconf 91' lang='lat' dir='ltr'>et</span> <span class='ocrx_word' id='word_1_139' title='bbox 1069 2017 1222 2056; x_wconf 84' lang='lat' dir='ltr'>cortex</span> <span class='ocrx_word' id='word_1_140' title='bbox 1256 2017 1301 2057; x_wconf 92' lang='lat' dir='ltr'>et</span> <span class='ocrx_word' id='word_1_141' title='bbox 1343 2014 1456 2057; x_wconf 88' lang='lat' dir='ltr'>rami</span> <span class='ocrx_word' id='word_1_142' title='bbox 1488 2014 1576 2058; x_wconf 93' lang='lat' dir='ltr'>vim</span> <span class='ocrx_word' id='word_1_143' title='bbox 1608 2015 1775 2058; x_wconf 88' lang='lat' dir='ltr'>habent</span> 
     </span>
     <span class='ocr_line' id='line_1_23' title="bbox 475 2084 1329 2138; baseline 0.001 -11"><span class='ocrx_word' id='word_1_144' title='bbox 475 2084 697 2138; x_wconf 90' lang='lat' dir='ltr'>spissandi</span> <span class='ocrx_word' id='word_1_145' title='bbox 730 2087 776 2127; x_wconf 91' lang='lat' dir='ltr'>et</span> <span class='ocrx_word' id='word_1_146' title='bbox 806 2085 991 2129; x_wconf 90' lang='lat' dir='ltr'>volnera</span> <span class='ocrx_word' id='word_1_147' title='bbox 1024 2085 1329 2128; x_wconf 85' lang='lat' dir='ltr'>contrahendi.</span> 
     </span>
     <span class='ocr_line' id='line_1_24' title="bbox 257 2154 1773 2198; baseline 0.001 -1"><span class='ocrx_word' id='word_1_148' title='bbox 257 2155 350 2198; x_wconf 91' lang='lat' dir='ltr'>Ser.</span> <span class='ocrx_word' id='word_1_149' title='bbox 376 2169 416 2198; x_wconf 94' lang='lat' dir='ltr'>v.</span> <span class='ocrx_word' id='word_1_150' title='bbox 442 2159 547 2197; x_wconf 86' lang='lat'>817:</span> <span class='ocrx_word' id='word_1_151' title='bbox 584 2155 825 2197; x_wconf 82' lang='lat' dir='ltr'>Concludet</span> <span class='ocrx_word' id='word_1_152' title='bbox 857 2168 961 2198; x_wconf 89' lang='lat' dir='ltr'>vero</span> <span class='ocrx_word' id='word_1_153' title='bbox 994 2155 1065 2198; x_wconf 91' lang='lat' dir='ltr'>vel</span> <span class='ocrx_word' id='word_1_154' title='bbox 1104 2154 1227 2197; x_wconf 87' lang='lat' dir='ltr'>frons</span> <span class='ocrx_word' id='word_1_155' title='bbox 1264 2156 1336 2198; x_wconf 92' lang='lat' dir='ltr'>vel</span> <span class='ocrx_word' id='word_1_156' title='bbox 1376 2168 1524 2198; x_wconf 91' lang='lat' dir='ltr'>ramus</span> <span class='ocrx_word' id='word_1_157' title='bbox 1563 2157 1618 2198; x_wconf 89' lang='lat' dir='ltr'>ab</span> <span class='ocrx_word' id='word_1_158' title='bbox 1659 2157 1773 2198; x_wconf 87' lang='lat' dir='ltr'>ulmo</span> 
     </span>
     <span class='ocr_line' id='line_1_25' title="bbox 582 2225 1688 2280; baseline 0 -11"><span class='ocrx_word' id='word_1_159' title='bbox 582 2227 643 2269; x_wconf 75' lang='lat' dir='ltr'>At</span> <span class='ocrx_word' id='word_1_160' title='bbox 676 2225 791 2269; x_wconf 91' lang='lat' dir='ltr'>sucis</span> <span class='ocrx_word' id='word_1_161' title='bbox 823 2225 1016 2270; x_wconf 91' lang='lat' dir='ltr'>hederae</span> <span class='ocrx_word' id='word_1_162' title='bbox 1049 2225 1288 2280; x_wconf 89' lang='lat' dir='ltr'>pulcrescit</span> <span class='ocrx_word' id='word_1_163' title='bbox 1321 2225 1454 2270; x_wconf 85' lang='lat' dir='ltr'>foeda</span> <span class='ocrx_word' id='word_1_164' title='bbox 1488 2226 1688 2270; x_wconf 84' lang='lat' dir='ltr'>cicatrix.</span> 
     </span>
    </p>
   </div>
   <div class='ocr_carea' id='block_1_7' title="bbox 257 2369 1771 2578">
    <p class='ocr_par' dir='ltr' id='par_1_10' title="bbox 257 2369 1771 2578">
     <span class='ocr_line' id='line_1_26' title="bbox 896 2369 1136 2413; baseline 0.004 -1"><span class='ocrx_word' id='word_1_165' title='bbox 896 2370 941 2413; x_wconf 80' lang='lat' dir='ltr'>C.</span> <span class='ocrx_word' id='word_1_166' title='bbox 974 2369 1136 2413; x_wconf 87' lang='lat' dir='ltr'>XLIV.</span> 
     </span>
     <span class='ocr_line' id='line_1_27' title="bbox 257 2452 1770 2508; baseline 0 -12"><span class='ocrx_word' id='word_1_167' title='bbox 257 2454 369 2497; x_wconf 91' lang='lat' dir='ltr'>Plin.</span> <span class='ocrx_word' id='word_1_168' title='bbox 396 2458 466 2508; x_wconf 91' lang='lat'>23,</span> <span class='ocrx_word' id='word_1_169' title='bbox 495 2457 598 2496; x_wconf 84' lang='lat'>126:</span> <span class='ocrx_word' id='word_1_170' title='bbox 635 2453 876 2506; x_wconf 84' lang='lat' dir='ltr'>Caprificus</span> <span class='ocrx_word' id='word_1_171' title='bbox 910 2453 1149 2495; x_wconf 90' lang='lat' dir='ltr'>etiamnum</span> <span class='ocrx_word' id='word_1_172' title='bbox 1181 2453 1317 2495; x_wconf 90' lang='lat' dir='ltr'>multo</span> <span class='ocrx_word' id='word_1_173' title='bbox 1351 2452 1569 2496; x_wconf 89' lang='lat' dir='ltr'>efficacior</span> <span class='ocrx_word' id='word_1_174' title='bbox 1600 2453 1681 2496; x_wconf 90' lang='lat' dir='ltr'>fico</span> <span class='ocrx_word' id='word_1_175' title='bbox 1717 2487 1725 2496; x_wconf 92' lang='lat'><strong>.</strong></span> <span class='ocrx_word' id='word_1_176' title='bbox 1762 2487 1770 2496; x_wconf 91' lang='lat'><strong>.</strong></span> 
     </span>
     <span class='ocr_line' id='line_1_28' title="bbox 476 2524 1771 2578; baseline 0 -10"><span class='ocrx_word' id='word_1_177' title='bbox 476 2559 484 2568; x_wconf 95' lang='lat'>.</span> <span class='ocrx_word' id='word_1_178' title='bbox 520 2559 529 2568; x_wconf 88' lang='lat'><strong>.</strong></span> <span class='ocrx_word' id='word_1_179' title='bbox 563 2526 712 2578; x_wconf 92' lang='lat' dir='ltr'>lepras</span> <span class='ocrx_word' id='word_1_180' title='bbox 747 2558 755 2567; x_wconf 94' lang='lat'>.</span> <span class='ocrx_word' id='word_1_181' title='bbox 791 2558 799 2567; x_wconf 95' lang='lat'>.</span> <span class='ocrx_word' id='word_1_182' title='bbox 837 2558 845 2567; x_wconf 95' lang='lat'><strong>.</strong></span> <span class='ocrx_word' id='word_1_183' title='bbox 883 2559 891 2578; x_wconf 99' lang='lat'>,</span> <span class='ocrx_word' id='word_1_184' title='bbox 931 2524 1039 2567; x_wconf 90' lang='lat' dir='ltr'>item</span> <span class='ocrx_word' id='word_1_185' title='bbox 1071 2527 1389 2568; x_wconf 89' lang='lat' dir='ltr'>venenatorum</span> <span class='ocrx_word' id='word_1_186' title='bbox 1422 2524 1537 2567; x_wconf 90' lang='lat' dir='ltr'>ictus</span> <span class='ocrx_word' id='word_1_187' title='bbox 1571 2528 1616 2567; x_wconf 93' lang='lat' dir='ltr'>et</span> <span class='ocrx_word' id='word_1_188' title='bbox 1649 2524 1771 2568; x_wconf 90' lang='lat' dir='ltr'>canis</span> 
     </span>
    </p>
   </div>
   <div class='ocr_carea' id='block_1_8' title="bbox 258 2609 1616 2721">
    <p class='ocr_par' dir='ltr' id='par_1_11' title="bbox 258 2609 1616 2721">
     <span class='ocr_line' id='line_1_29' title="bbox 473 2609 656 2640; baseline 0 -1"><span class='ocrx_word' id='word_1_189' title='bbox 473 2609 656 2640; x_wconf 87' lang='lat' dir='ltr'>morsus.</span> 
     </span>
     <span class='ocr_line' id='line_1_30' title="bbox 258 2667 1616 2721; baseline -0.001 -9"><span class='ocrx_word' id='word_1_190' title='bbox 258 2669 351 2712; x_wconf 89' lang='lat' dir='ltr'>Ser.</span> <span class='ocrx_word' id='word_1_191' title='bbox 375 2682 416 2712; x_wconf 89' lang='lat' dir='ltr'>v.</span> <span class='ocrx_word' id='word_1_192' title='bbox 442 2672 547 2711; x_wconf 86' lang='lat'>834:</span> <span class='ocrx_word' id='word_1_193' title='bbox 582 2667 787 2710; x_wconf 89' lang='lat' dir='ltr'>Manabit</span> <span class='ocrx_word' id='word_1_194' title='bbox 818 2668 991 2710; x_wconf 90' lang='lat' dir='ltr'>lactens</span> <span class='ocrx_word' id='word_1_195' title='bbox 1025 2667 1221 2721; x_wconf 89' lang='lat' dir='ltr'>caprifici</span> <span class='ocrx_word' id='word_1_196' title='bbox 1244 2680 1383 2710; x_wconf 76' lang='lat' dir='ltr'>‚sucus</span> <span class='ocrx_word' id='word_1_197' title='bbox 1416 2668 1616 2721; x_wconf 91' lang='lat' dir='ltr'>opellam.</span> 
     </span>
    </p>
   </div>
   <div class='ocr_carea' id='block_1_9' title="bbox 256 2774 1769 2974">
    <p class='ocr_par' dir='ltr' id='par_1_12' title="bbox 256 2774 1769 2974">
     <span class='ocr_line' id='line_1_31' title="bbox 256 2774 1769 2830; baseline 0 -11"><span class='ocrx_word' id='word_1_198' title='bbox 256 2776 369 2819; x_wconf 91' lang='lat' dir='ltr'>Plin.</span> <span class='ocrx_word' id='word_1_199' title='bbox 395 2780 465 2830; x_wconf 85' lang='lat'>29,</span> <span class='ocrx_word' id='word_1_200' title='bbox 493 2780 565 2818; x_wconf 85' lang='lat'>78:</span> <span class='ocrx_word' id='word_1_201' title='bbox 591 2775 807 2818; x_wconf 81' lang='lat' dir='ltr'>Carnibus</span> <span class='ocrx_word' id='word_1_202' title='bbox 827 2774 1173 2830; x_wconf 87' lang='lat' dir='ltr'>gallinaceorum</span> <span class='ocrx_word' id='word_1_203' title='bbox 1195 2774 1262 2817; x_wconf 89' lang='lat' dir='ltr'>ita</span> <span class='ocrx_word' id='word_1_204' title='bbox 1283 2778 1333 2818; x_wconf 94' lang='lat' dir='ltr'>ut</span> <span class='ocrx_word' id='word_1_205' title='bbox 1355 2775 1570 2828; x_wconf 88' lang='lat' dir='ltr'>tepebunt</span> <span class='ocrx_word' id='word_1_206' title='bbox 1588 2775 1769 2819; x_wconf 80' lang='lat' dir='ltr'>avulsae</span> 
     </span>
     <span class='ocr_line' id='line_1_32' title="bbox 474 2845 1769 2902; baseline 0 -11"><span class='ocrx_word' id='word_1_207' title='bbox 474 2846 691 2902; x_wconf 90' lang='lat' dir='ltr'>adpositis</span> <span class='ocrx_word' id='word_1_208' title='bbox 708 2860 881 2892; x_wconf 88' lang='lat' dir='ltr'>venena</span> <span class='ocrx_word' id='word_1_209' title='bbox 905 2845 1175 2901; x_wconf 86' lang='lat' dir='ltr'>serpentium</span> <span class='ocrx_word' id='word_1_210' title='bbox 1198 2846 1445 2902; x_wconf 90' lang='lat' dir='ltr'>domantur,</span> <span class='ocrx_word' id='word_1_211' title='bbox 1464 2845 1571 2890; x_wconf 88' lang='lat' dir='ltr'>item</span> <span class='ocrx_word' id='word_1_212' title='bbox 1589 2847 1769 2891; x_wconf 90' lang='lat' dir='ltr'>cerebro</span> 
     </span>
     <span class='ocr_line' id='line_1_33' title="bbox 473 2918 1769 2974; baseline 0 -12"><span class='ocrx_word' id='word_1_213' title='bbox 473 2919 518 2962; x_wconf 92' lang='lat' dir='ltr'>in</span> <span class='ocrx_word' id='word_1_214' title='bbox 556 2919 658 2964; x_wconf 90' lang='lat' dir='ltr'>vino</span> <span class='ocrx_word' id='word_1_215' title='bbox 702 2922 820 2974; x_wconf 89' lang='lat' dir='ltr'>poto.</span> <span class='ocrx_word' id='word_1_216' title='bbox 898 2918 1057 2961; x_wconf 90' lang='lat' dir='ltr'>Parthi</span> <span class='ocrx_word' id='word_1_217' title='bbox 1097 2918 1292 2974; x_wconf 90' lang='lat' dir='ltr'>gallinae</span> <span class='ocrx_word' id='word_1_218' title='bbox 1334 2918 1504 2963; x_wconf 89' lang='lat' dir='ltr'>malunt</span> <span class='ocrx_word' id='word_1_219' title='bbox 1543 2920 1769 2963; x_wconf 89' lang='lat' dir='ltr'>cerebrum</span> 
     </span>
    </p>
   </div>
  </div>
 </body>
</html>
