1947 3391
230 268 293 313 50

225 406 338 448 Plin.
390 410 459 449 29.
513 410 618 449 122:
670 405 888 461 Anguium
937 404 1074 458 adeps
1123 403 1321 459 aerugini
1368 402 1530 446 mixtus
1577 406 1731 457 ruptas

444 478 661 523 oculorum
696 478 838 533 partis
872 480 1002 521 sanat
1035 511 1044 520 .
1081 512 1088 518 .
1125 511 1133 520 .
1171 512 1178 519 .

227 550 321 593 Ser.
345 564 386 593 v.
412 555 517 593 218:
552 550 782 604 Anguibus
816 553 992 602 ereptos
1025 548 1179 602 adipes
1212 548 1421 603 aerugine
1453 547 1599 602 misce,

553 621 610 663 Hi
642 624 850 674 poterunt
881 623 1037 673 ruptas
1071 619 1290 662 oculorum
1329 619 1511 673 iungere
1542 620 1707 672 partes.

882 740 927 783 C.
960 740 1081 782 XIV.

225 824 338 867 Plin.
374 829 443 879 31,
481 828 589 867 117:
624 824 703 880 (sc.
727 823 910 879 nitrum)
932 823 1114 877 prodest
1147 823 1342 866 dentium
1372 823 1511 866 dolori
1538 830 1592 866 'ex
1618 822 1733 876 vino,

226 895 263 938 si
297 909 392 939 cum
424 896 576 949 pipere
610 896 856 953 colluantur
890 929 897 936 .
936 930 943 936 .
980 929 987 937 .
1024 929 1032 937 .

227 967 320 1009 Ser.
344 981 384 1011 V.
410 971 514 1009 228:
552 967 655 1010 Cum
689 966 790 1010 vino
822 966 948 1020 piper
987 970 1030 1008 et
1064 966 1180 1008 nitro
1203 965 1399 1019 tepidum
1428 965 1530 1008 inde
1554 965 1732 1008 dolenti.

224 1062 338 1104 Plin.
373 1066 442 1116 32,
477 1066 556 1104 82:
594 1096 602 1104 .
640 1096 648 1103 .
686 1096 693 1103 .
729 1095 737 1104 .
772 1061 982 1104 muricum
1015 1061 1125 1104 cinis
1159 1060 1458 1104 dentifricium
1491 1064 1572 1104 est.

226 1132 319 1175 Ser.
344 1147 384 1176 v.
408 1137 515 1176 237:
550 1132 730 1175 Muricis
763 1136 840 1175 aut
872 1132 979 1176 tosti
1014 1167 1021 1174 .
1059 1166 1066 1174 .
1104 1166 1112 1174 .
1147 1166 1153 1173 .
1191 1132 1389 1175 extincta
1422 1131 1589 1176 favilla.

872 1252 917 1296 G.
944 1252 1087 1296 XVII.

224 1336 339 1377 Plin.
386 1340 456 1389 20,
505 1339 613 1378 153:
663 1335 741 1391 (sc.
791 1335 1002 1391 puleium)
1050 1320 1225 1378 ventris*
1268 1335 1474 1389 dolorem,
1524 1335 1738 1378 stomachi

441 1411 587 1449 autem
621 1419 675 1449 ex
708 1419 836 1459 aqua.
1556 1461 1559 1463 ‚

226 1478 319 1521 Ser.
344 1492 384 1521 v.
410 1482 518 1520 313:
552 1478 752 1521 Pulcium
785 1491 954 1531 quoque
987 1479 1216 1521 decoctum
1250 1478 1422 1521 curabit
1455 1477 1605 1520 amice.

346 1561 463 1604 Plini
494 1562 632 1605 verba
656 1561 869 1616 dedimus,
904 1565 951 1604 ut
975 1565 1156 1605 exstant
1177 1561 1221 1604 in
1251 1561 1444 1604 editione
1472 1560 1735 1616 Detlefscni,

228 1633 348 1676 cuius
417 1633 643 1676 distinctio
720 1626 941 1676 enuntiati
1014 1633 1140 1676 nohis
1208 1634 1368 1686 placet.
1456 1633 1738 1676 Dioscorides

229 1705 416 1759 quidem,
470 1704 543 1757 qui
585 1705 737 1747 eodem
789 1709 970 1748 auctore
1024 1718 1076 1747 ac
1130 1718 1211 1757 quo
1264 1705 1435 1747 Plinius
1487 1718 1591 1748 usus
1645 1709 1736 1747 est:

227 1794 269 1818 π.
303 1777 366 1819 ὑλ.
402 1778 505 1831 ιάτρ.
538 1777 619 1831 ΠΙ,
655 1780 735 1819 30:
783 1776 863 1834 (sc.
911 1777 1100 1832 γλήχων)
1148 1778 1316 1823 ναυτίας
1359 1794 1402 1819 τε
1446 1777 1518 1819 καὶ
1550 1776 1740 1832 δηγμοὺς

228 1849 444 1903 στομάχου
484 1848 588 1902 μετὰ
631 1849 869 1903 ὅξυκράτου
908 1849 1089 1890 ποθεῖσα
1127 1850 1453 1903 παραμυθεῖται.
1488 1848 1741 1901 quibuscum

228 1920 377 1964 verbis
410 1919 572 1974 Silligii
603 1920 736 1963 lectio
770 1920 1004 1963 consentit.

870 2040 915 2083 G.
948 2040 1115 2083 XVIII.

233 2122 346 2165 Plin.
381 2126 452 2177 24,
487 2126 564 2166 52:
601 2122 680 2180 (sc.
722 2122 893 2179 sabuci)
937 2122 1140 2167 foliorum
1181 2123 1437 2167 mollissima
1484 2136 1539 2167 ex
1572 2124 1666 2167 oleo
1701 2129 1746 2166 et

453 2196 545 2238 sale
585 2195 773 2238 eduntur
815 2196 872 2237 ad
906 2196 1108 2249 pituitam
1148 2196 1366 2249 bilemque
1412 2196 1745 2239 detrahendam.

237 2267 330 2310 Ser.
354 2281 395 2310 v.
422 2271 529 2309 333:
564 2267 808 2309 Praeterea
842 2267 989 2310 caules
1022 2267 1059 2310 si
1091 2266 1271 2311 frondet
1310 2280 1444 2322 passa
1476 2267 1627 2312 sabuci

560 2338 781 2381 Dccoctos
815 2339 908 2381 sale
939 2338 1178 2392 permisces
1210 2352 1263 2382 ac
1293 2339 1438 2395 iungis
1471 2339 1607 2384 olivo:

563 2409 672 2451 Tum
706 2409 828 2462 capis
861 2423 913 2451 ac
945 2410 1027 2451 tali
1059 2423 1224 2464 purgas
1256 2411 1544 2453 medicamine
1577 2410 1697 2453 fella.

243 2503 352 2545 Plin.
387 2507 458 2557 28,
495 2506 599 2545 138:
635 2502 715 2559 (sc.
763 2516 913 2547 sevum
958 2504 1150 2561 suillum)
1196 2509 1324 2549 vetus
1375 2505 1509 2549 etiam
1560 2504 1749 2560 phthisis

456 2575 602 2630 pilulis
636 2581 809 2630 sumpta
842 2581 973 2620 sanat
1005 2590 1116 2630 quae
1150 2577 1243 2621 sine
1276 2578 1369 2622 sale
1398 2578 1650 2623 inveterata
1683 2582 1752 2622 est

459 2682 705 2690 .....
752 2648 1081 2704 circumligatur
1128 2654 1173 2693 et
1218 2650 1432 2694 lateribus
1472 2650 1665 2705 pectoris
1707 2653 1753 2694 et

459 2719 651 2773 scapulis
685 2733 832 2764 eorum
866 2720 938 2774 qui
969 2721 1180 2775 phthisim
1213 2721 1420 2765 sentiunt.

245 2792 338 2835 Ser.
362 2805 403 2835 v.
430 2795 534 2834 343:
569 2792 776 2835 Proderit
810 2797 855 2835 et
887 2793 1053 2836 veteris
1086 2794 1180 2837 sevi
1211 2793 1301 2847 pila
1335 2798 1508 2848 sumpta
1541 2795 1655 2838 suilli

570 2863 663 2918 Quo
683 2864 886 2918 scapulas
904 2877 1072 2918 quoque
1089 2865 1292 2919 perducit
1307 2866 1526 2909 medicina
1550 2867 1713 2910 salubri
1727 2867 1753 2909 ¹.

367 2957 375 2975 ¹
403 2956 454 2991 sic
480 2956 574 3002 lego.
