1947 3391
1603 318 1687 365 ‘53

315 457 536 512 Quomodo
569 471 654 501 vox
676 458 976 503 Sammonicea
1000 459 1140 514 ,nova‘
1174 458 1508 513 interpretanda
1538 459 1608 513 sit,
1639 472 1691 501 ex

196 541 260 583 eo,
295 528 367 582 qui
399 528 607 584 sequitur,
641 542 771 573 versu
803 534 1001 585 apparet.

195 611 307 655 Plin.
342 615 412 666 20,
449 615 554 655 151:
589 611 713 656 aiunt
744 617 787 656 et
819 612 898 657 lini
927 613 1094 657 mederi
1127 626 1223 656 eam
1245 612 1290 656 in
1321 614 1446 656 horto
1469 616 1694 669 gustatam

410 682 476 725 ita
515 696 570 726 ne
610 684 811 739 vellatur,
850 684 888 728 si
927 684 966 727 is
1010 685 1082 738 qui
1113 684 1314 727 mordeat
1352 684 1471 727 dicat
1512 698 1558 728 se
1589 684 1695 727 lieni

410 754 576 798 mederi
606 769 686 809 per
717 755 810 799 dies
840 756 920 810 IX,
955 755 1107 799 aridae
1139 769 1308 809 quoque
1341 755 1530 799 farinam
1553 755 1694 799 tribus

412 826 563 882 digitis
595 828 913 882 adprehensam
947 831 992 871 et
1025 827 1239 871 stomachi
1261 828 1433 871 dolores
1461 828 1617 871 sedare
1649 827 1694 870 in

411 911 526 952 aqua
560 934 567 941 .
603 933 611 942 .
646 932 656 943 .
692 933 700 942 .

197 970 290 1013 Ser.
314 984 355 1014 v.
376 974 485 1013 487:
519 972 669 1015 Menta
692 985 859 1025 quoque
885 973 967 1016 hoc
988 976 1118 1025 pacto
1135 970 1147 994 ¹
1175 972 1367 1015 medicos
1393 971 1517 1015 dabit
1534 972 1694 1016 hausta

696 1054 890 1096 sapores.
1004 1039 1006 1041 ’

198 1111 254 1156 cf.
288 1112 434 1156 Diosc.
468 1130 512 1155 π.
545 1114 609 1155 ὑλ.
642 1116 745 1168 ἵατρ.
778 1114 859 1168 ΙΠ,
895 1118 964 1157 36.

826 1280 871 1324 0.
904 1280 1069 1323 XXVI.

197 1364 310 1407 Plin.
346 1367 415 1419 24,
449 1367 525 1407 46:
566 1363 645 1420 (sc.
691 1362 874 1420 fraxini)
919 1376 1066 1407 semen
1112 1363 1229 1407 foliis
1274 1364 1366 1407 eius
1409 1364 1538 1418 inest,
1586 1377 1696 1417 quae

411 1435 641 1479 medentur
692 1435 911 1491 iocineris,
968 1436 1156 1478 laterum
1214 1435 1448 1490 doloribus,
1505 1436 1549 1478 in
1599 1435 1700 1480 vino

413 1520 569 1560 aquam
602 1520 713 1560 quae
746 1506 862 1550 subit
894 1510 1036 1550 cutem
1069 1508 1320 1550 extrahunt.

200 1578 292 1620 Ser.
311 1592 352 1621 v.
373 1582 479 1621 500:
503 1578 770 1621 Fraxineum
789 1590 936 1621 semen
954 1591 1049 1621 cum
1066 1578 1229 1620 Bacchi
1245 1591 1344 1621 rore
1362 1578 1597 1621 bibendum
1615 1582 1697 1621 est.

199 1644 276 1706 (αἲ.
309 1664 350 1694 v.
385 1649 504 1706 382.)

197 1756 309 1800 Plin.
344 1761 413 1812 31,
450 1761 522 1800 72:
556 1757 765 1812 podagris
812 1791 821 1800 .
872 1793 879 1800 .
925 1757 1105 1811 prodest
1142 1792 1149 1799 .
1198 1791 1205 1798 .
1254 1792 1261 1799 .
1295 1769 1376 1800 nec
1414 1770 1501 1800 non
1531 1758 1699 1801 harena

410 1829 587 1872 litorum
618 1829 751 1873 maris
784 1829 1019 1883 praecipue
1052 1829 1194 1872 tenius
1228 1833 1273 1873 et
1304 1830 1395 1873 sole
1429 1829 1622 1873 candens
1653 1829 1698 1872 in

411 1900 627 1944 medicina
675 1901 927 1955 corporibus
975 1901 1194 1955 coopertis
1240 1901 1576 1956 hydropicorum
1623 1907 1699 1944 aut

410 1971 744 2016 rheumatismos
777 1972 1072 2015 sentientium.

197 2043 289 2087 Ser.
313 2058 352 2087 v.
378 2047 484 2087 503:
518 2043 609 2087 Nec
640 2056 726 2086 non
760 2046 805 2086 et
845 2043 1005 2097 tepidis
1039 2044 1272 2088 convolves
1312 2056 1467 2097 corpus
1505 2043 1695 2087 harenis.

200 2114 256 2158 cf.
289 2115 436 2158 Diosc.
469 2132 512 2156 π.
544 2116 606 2157 ὑλ.
640 2116 744 2169 ἰατρ.
778 2115 830 2169 V,
867 2119 963 2157 166.

812 2269 857 2311 Ο.
889 2268 1077 2312 XXVH.

197 2352 309 2396 Plin.
344 2356 413 2407 24,
448 2356 524 2395 52:
560 2351 696 2394 caulis
727 2351 867 2394 teneri
907 2351 1093 2395 mitioris
1127 2352 1277 2395 sabuci
1308 2352 1354 2395 in
1385 2353 1550 2406 patinis
1583 2353 1695 2396 cocti

412 2424 554 2468 alvom
587 2423 761 2467 solvunt
793 2456 979 2465 .....

198 2496 292 2539 Ser.
315 2509 356 2540 v.
382 2499 488 2539 523:
522 2495 613 2537 Aut
644 2494 737 2537 edis
768 2495 813 2537 in
847 2494 1011 2548 patinis
1043 2498 1223 2537 tenerae
1256 2495 1439 2537 decocta
1471 2496 1633 2538 sabuci.

197 2602 309 2646 Plin.
345 2607 414 2657 28,
450 2606 556 2645 203:
592 2602 734 2645 alvom
767 2600 897 2645 solvit
932 2635 939 2642 .
985 2634 993 2643 .
1040 2635 1046 2641 .
1081 2600 1212 2643 lactis
1245 2601 1391 2654 equini
1421 2605 1551 2655 potus
1594 2637 1602 2644 .

197 2673 291 2717 Ser.
315 2688 356 2718 v.
379 2677 482 2717 525:
518 2673 656 2716 Crede
688 2676 836 2715 tamen
866 2675 1017 2725 potum
1048 2671 1270 2714 meliorem
1301 2673 1431 2716 lactis
1464 2673 1623 2726 equini.

196 2779 308 2823 Plin.
343 2784 414 2835 23,
451 2784 555 2822 117:
590 2779 687 2822 Fici
719 2791 846 2822 sucus
876 2778 1046 2821 lactens
1080 2812 1088 2819 .
1126 2813 1133 2820 .
1172 2812 1179 2819 .
1214 2777 1359 2822 alvum
1393 2778 1538 2823 solvit.

197 2850 290 2901 Ser.
313 2865 356 2896 v.
380 2855 484 2895 527:
520 2850 747 2895 Silvestris
777 2849 848 2893 fici
878 2848 1102 2892 lacrimam
1133 2849 1342 2903 prodesse
1373 2850 1618 2903 loquuntur.

317 2968 328 2987 ²
353 2968 391 3002 id
417 2972 473 3004 est
497 2979 550 3011 ,ec
575 2968 730 3022 lymphis
753 2968 891 3002 ‘tritum‘
918 2968 966 3010 (v.
992 2967 1061 3001 485
1088 2967 1154 3010 cf.)
