1947 3391
947 1228 988 1282 Ι.

339 1378 389 1433 Q.
444 1378 598 1422 Sereni
652 1378 753 1422 libri
803 1377 1103 1422 medicinalis1
1156 1382 1459 1433 argumentum
1514 1392 1568 1421 ex
1621 1379 1720 1422 aliis

220 1450 449 1493 collectum
471 1449 530 1492 sit
558 1449 810 1492 auctoribus
833 1462 889 1492 an
917 1450 979 1492 nil
1000 1450 1085 1493 nisi
1108 1462 1161 1492 ea
1184 1449 1424 1504 contineat,
1449 1463 1561 1502 quae
1583 1450 1720 1504 ipsius

219 1520 374 1564 Sereni
413 1520 583 1565 invenit
622 1520 856 1576 ingenium,
899 1520 1168 1574 propositum
1208 1519 1314 1563 mihi
1359 1523 1428 1564 est
1469 1520 1721 1564 accuratius

217 1592 450 1645 inquirere.
519 1592 642 1647 Quae
679 1595 829 1635 tamen
868 1592 1066 1645 quaestio
1110 1604 1164 1635 ex
1202 1592 1347 1635 altera
1387 1596 1517 1646 parte
1555 1605 1634 1646 per
1673 1606 1720 1636 se

217 1663 314 1718 ipsa
342 1663 599 1709 absolvitur.
652 1663 821 1707 Auctor
849 1662 976 1719 enim,
1000 1662 1074 1717 qui
1102 1662 1423 1707 Gordianorum
1451 1663 1720 1718 temporibus

216 1736 423 1779 librorum
474 1735 618 1779 studio
668 1737 905 1779 tenebatur
914 1733 942 1790 ²,
991 1735 1086 1788 quis
1134 1739 1204 1778 est
1248 1735 1321 1788 qui
1363 1735 1560 1791 miretur,
1607 1737 1720 1790 quod

218 1807 329 1851 artis
368 1807 504 1862 ipsius
545 1807 742 1851 medicae
782 1807 958 1851 minime
997 1810 1096 1851 erat
1135 1806 1333 1862 peritus?
1395 1808 1458 1851 At
1490 1820 1544 1851 ex
1577 1808 1721 1851 altera

215 1882 345 1932 parte
392 1878 526 1934 digna
571 1882 639 1922 est
689 1878 902 1932 quaestio,
953 1891 1065 1931 quae
1117 1881 1373 1933 peragatur,
1426 1892 1522 1922 cum
1577 1880 1720 1922 adhuc

214 1950 436 1995 levissime
452 1954 651 1994 tractata
673 1951 744 1994 sit.
778 1951 919 1994 Multa
942 1950 1116 2004 quidem
1132 1950 1217 1995 viri
1240 1950 1359 1994 docti
1376 1951 1717 2004 contenderunt;

216 2022 294 2065 sed
325 2035 449 2065 nemo
492 2025 573 2077 est,
608 2022 693 2076 qui,
727 2034 838 2075 quae
869 2021 1029 2076 posuit,
1063 2022 1208 2065 causis
1239 2035 1288 2065 re
1320 2035 1428 2066 vera
1460 2022 1717 2067 firmaverit.

214 2093 361 2146 Atque
403 2093 567 2147 primus
612 2093 786 2146 quidem
827 2092 1075 2147 Caesarius,
1122 2092 1281 2136 deinde
1321 2093 1717 2149 Hummelbergius,

214 2167 306 2208 tum
353 2164 430 2208 alii
476 2177 582 2218 quos
628 2164 745 2219 apud
792 2166 996 2208 auctores
1043 2164 1208 2207 similes
1255 2164 1464 2208 invenere
1510 2165 1629 2208 locos
1673 2165 1717 2207 in

215 2236 539 2280 commentariis
591 2236 735 2280 textui
781 2235 969 2279 adiectis
1023 2236 1363 2281 adnotaverunt.
1448 2236 1717 2280 Laudandus

215 2307 348 2351 etiam
381 2306 740 2351 Ackermannus3
763 2310 844 2363 est,
879 2307 952 2361 qui
982 2307 1028 2350 in
1059 2307 1340 2362 praefatione
1374 2308 1579 2352 editionis
1612 2322 1716 2352 suae

213 2380 268 2422 de
300 2379 463 2422 Sereno
497 2380 675 2435 ejusque
707 2379 900 2424 carmine
932 2378 1072 2422 fusius
1105 2379 1297 2422 disserit.

331 2451 426 2493 Iam
458 2450 657 2504 equidem
683 2463 904 2505 quaeram,
939 2449 1034 2504 quis
1066 2450 1125 2494 sit
1146 2463 1336 2493 conexus
1369 2450 1486 2494 inter
1506 2450 1714 2494 Serenum

214 2525 259 2565 et
290 2521 407 2565 Plini
439 2521 628 2566 Secundi
658 2521 840 2565 iunioris
873 2521 927 2564 de
959 2521 1178 2565 medicina
1209 2521 1357 2576 libros,
1381 2534 1488 2575 quos
1518 2522 1715 2567 breviter

213 2593 490 2648 ,Medicinam
536 2593 797 2637 Plinianam‘
844 2594 1029 2637 laudare
1073 2593 1220 2637 liceat.
1302 2593 1550 2637 Permultos
1599 2594 1713 2637 enim

211 2666 329 2709 locos
362 2678 416 2708 ex
446 2665 523 2708 illa
556 2665 745 2709 Serenus
777 2658 982 2720 sumpsit.'
1029 2665 1144 2708 Sane
1178 2664 1349 2718 quidem
1383 2665 1463 2708 hoc
1497 2665 1537 2708 ei
1558 2665 1712 2708 mirum

332 2842 342 2861 ¹
369 2842 414 2876 cf.
440 2842 575 2886 Meyer,
601 2841 691 2876 artis
716 2841 904 2877 botanicae
929 2840 1082 2876 historia
1106 2841 1155 2884 II,
1182 2852 1215 2885 p.
1242 2842 1312 2875 209
1338 2851 1410 2884 eqs.

331 2900 344 2920 2
370 2900 548 2946 Spartian.
575 2900 696 2936 Oarac.
723 2902 757 2944 4,
783 2902 816 2935 4.

330 2960 344 2980 ³
357 2961 396 3004 Q.
409 2960 534 2996 Sereni
544 2960 722 2996 Samonici
732 2960 776 2996 de
786 2959 964 2995 Medicina
973 2963 1167 3004 praecepta
1180 2958 1428 2996 saluberrima.
1439 2959 1595 3005 Lipsiae,
1610 2962 1712 2997 1786.
