1947 3391
1655 328 1715 370 57

836 464 881 507 c.
913 464 1101 524 XXXV.

218 547 331 591 Plin.
365 552 436 604 24,
473 552 546 592 15:
581 548 663 605 (sc.
708 547 905 602 cupressi
948 545 1077 603 folia)
1122 547 1301 590 testium
1347 561 1514 601 quoque
1560 548 1718 591 tumori

434 633 530 663 cum
561 632 665 663 cera
695 619 949 663 inlinuntur.
1096 668 1098 670 v

220 689 313 733 Ser.
337 704 378 735 v.
404 695 511 734 681:
550 724 828 734 .......
853 691 925 735 vel
958 702 1061 733 cera
1093 689 1279 733 inmixta
1312 703 1529 744 cupresso.

757 835 772 849 ⁰
827 833 872 876 C.
906 832 1117 876 XXXVI.

218 918 330 960 Plin.
365 922 435 971 24,
469 922 549 960 47:
585 918 664 974 (sc.
698 918 846 972 populi
879 917 988 973 albi)
1032 921 1184 960 cortex
1225 921 1354 970 potus
1390 918 1640 961 ischiadicis
1673 922 1718 961 et

434 989 713 1045 stranguriae
744 989 927 1043 prodest
960 1023 969 1031 .
1005 1023 1013 1030 .
1050 1023 1058 1030 .

219 1060 312 1103 Ser.
334 1074 375 1104 v.
401 1065 504 1103 697:
538 1062 728 1114 Populus
772 1062 874 1104 alba
907 1060 1033 1103 dabit
1063 1060 1255 1103 medicos
1288 1061 1342 1103 de
1380 1061 1542 1103 cortice
1575 1064 1716 1114 potus.

218 1130 274 1174 Of.
307 1131 454 1175 Diose.
486 1148 528 1173 π.
560 1132 624 1174 ὑλ.
657 1133 760 1186 ἰατρ.
793 1132 827 1186 Ι,
865 1135 963 1175 109.

825 1262 870 1305 C.
902 1261 1117 1304 XXXIX.

216 1343 328 1386 Plin.
377 1348 447 1399 24,
500 1348 571 1387 11;
623 1345 799 1398 quidam
847 1344 1264 1388 commanducantes
1312 1345 1461 1388 acinos
1524 1350 1717 1399 expuunt

432 1416 619 1459 cortices
671 1451 678 1458 .
730 1452 737 1459 .
791 1451 799 1459 .
849 1416 1029 1471 emollit,
1083 1416 1265 1459 discutit
1320 1420 1525 1472 tumores,
1579 1417 1718 1460 siccat

431 1491 634 1531 strumas.

217 1558 311 1601 Ser.
334 1573 374 1602 v.
402 1562 504 1602 746:
538 1560 744 1603 Proderit
762 1563 807 1602 et
823 1572 1022 1603 mansum
1039 1560 1153 1612 quod
1164 1560 1355 1602 traxeris
1374 1561 1529 1603 arbore
1537 1560 1714 1603 viscum.

217 1628 272 1672 Of.
306 1629 453 1673 Diosc.
486 1646 528 1671 π.
562 1631 627 1672 ὑλ.
661 1631 767 1685 ἰατρ.
801 1630 882 1685 ΠΙ,
917 1634 986 1673 93.

869 1759 915 1803 O.
948 1760 1069 1803 XLI.

215 1843 327 1885 Plin.
364 1847 433 1898 24,
469 1847 547 1886 57:
583 1857 637 1887 ex
669 1844 736 1886 his
775 1856 879 1899 ergo
922 1844 1080 1897 aliquis
1119 1857 1214 1887 cum
1258 1857 1438 1887 rosaceo
1479 1845 1524 1887 in
1565 1846 1714 1899 calyce

429 1915 576 1970 punici
608 1915 826 1959 calfactus
859 1915 1038 1960 auribus
1068 1915 1317 1960 infunditur
1348 1917 1419 1961 vel
1451 1916 1557 1960 folia
1588 1904 1715 1960 cocta

431 1990 476 2029 et
520 2000 616 2030 cum
661 2000 765 2030 cera
809 1987 920 2030 trita
963 1987 1257 2042 imponuntur,
1302 1988 1409 2030 item
1439 1988 1713 2042 podagricis3

429 2058 593 2102 cortice
641 2061 686 2101 et
731 2057 848 2101 foliis
893 2058 938 2101 in
985 2058 1087 2103 vino
1136 2059 1329 2102 decoctis
1374 2058 1515 2103 foveri
1558 2071 1715 2103 nervos

427 2129 717 2173 utilissimum.

216 2201 308 2244 Ser.
323 2215 363 2246 v.
383 2206 404 2244 7
413 2206 434 2244 7
443 2205 464 2244 1
476 2217 485 2244 :
501 2202 621 2257 Ergo
637 2214 720 2257 age
732 2204 778 2244 et
785 2203 1016 2255 abreptum
1025 2202 1173 2245 salicis
1182 2202 1465 2255 frondemque
1475 2201 1715 2254 librumque

501 2273 606 2317 Cum
637 2272 739 2317 vino
771 2275 881 2327 tere,
915 2275 1008 2316 tum
1047 2276 1300 2317 contractos
1334 2273 1500 2327 perline
1543 2286 1714 2317 nervos.

214 2368 326 2412 Plin.
362 2373 431 2424 24,
469 2372 543 2412 15:
578 2368 659 2426 (sc.
693 2368 890 2423 cupressi
922 2368 1050 2426 folia)
1084 2369 1238 2412 eadem
1269 2369 1379 2412 trita
1421 2381 1515 2412 cum
1548 2369 1715 2412 duabus

429 2441 630 2494 partibus
676 2440 805 2494 panis
851 2440 994 2483 mollis
1038 2454 1061 2484 e
1109 2440 1210 2485 vino
1258 2440 1483 2483 Ammineo
1531 2441 1715 2483 subacta

429 2512 587 2566 pedum
620 2525 673 2555 ac
705 2524 939 2556 nervorum
973 2513 1146 2556 dolores
1180 2512 1350 2555 sedant.

216 2584 309 2627 Ser.
332 2598 373 2628 v.
401 2588 503 2626 777:
537 2583 629 2626 Aut
661 2582 698 2626 si
730 2586 962 2637 corruptus
1003 2583 1251 2637 persederit
1283 2582 1415 2626 altius
1446 2583 1597 2625 humor

538 2654 688 2697 Tritus
720 2667 952 2708 cupressus
993 2655 1055 2698 ibi
1085 2655 1259 2698 Baccho
1300 2654 1504 2709 iungetur
1541 2655 1713 2708 acerbo,

536 2725 730 2769 Panibus
752 2728 799 2769 et
820 2726 986 2769 teneris
1017 2725 1318 2778 cohibebitque
1344 2724 1500 2768 addita
1522 2728 1715 2778 questus.

214 2821 328 2865 Plin.
363 2825 432 2877 24,
468 2826 541 2865 53:
587 2822 840 2877 podagricis
892 2835 989 2865 cum
1041 2823 1143 2865 sebo
1205 2820 1371 2864 hircino
1433 2822 1717 2865 vehementer

430 2897 613 2949 prosunt
646 2893 851 2938 cauliculi
882 2893 1000 2937 inliti
1033 2928 1041 2936 .
1078 2927 1085 2934 .
1168 2927 1174 2934 .

216 2966 309 3009 Ser.
332 2980 373 3010 v.
400 2970 502 3009 780:
538 2967 687 3010 Parva
719 2967 906 3009 sabucus
937 2965 1043 3008 item
1077 2968 1144 3008 est
1182 2963 1348 3007 hircino
1391 2965 1555 3008 conlita
1596 2978 1715 3010 sevo.
