1947 3391
1661 318 1724 362 25

227 457 477 501 medicinali
504 456 715 500 hellebori
744 456 865 511 dicit,
890 469 925 500 c.
951 456 1105 499 XXVI
1126 455 1374 498 Medicinae
1395 456 1461 498 ΡΙ.
1486 455 1730 509 inspectum

228 542 325 573 esse
356 527 593 574 verisimile
624 528 675 571 fit
707 541 731 572 e
762 541 803 572 v.
832 531 919 571 498
949 540 1041 581 sqq.
1105 526 1319 570 Fortasse
1351 526 1507 569 mirum
1538 526 1728 581 videtur,

228 601 341 654 quod
366 613 453 643 non
473 600 723 643 accuratius
750 599 918 643 fontem
946 598 1192 652 exscripsit.
1247 598 1333 641 Sed
1355 599 1437 641 hoc
1458 598 1730 641 medicamen

227 674 282 716 ab
317 671 632 725 antiquissimis
661 671 930 726 temporibus
960 669 1234 715 notissimum
1269 673 1386 724 erat3
1421 682 1488 714 ex.
1518 683 1583 726 gr.
1614 670 1730 724 apud

226 743 473 798 Horatium,
501 756 627 796 quem
655 743 862 787 Serenum
891 756 914 786 e
935 756 977 787 v.
1002 746 1087 785 529
1112 745 1300 796 apparet
1331 742 1519 796 novisse,
1546 742 1731 796 legimus

228 815 296 859 od.
329 815 386 869 Π,
421 819 461 870 2,
499 819 550 858 13
583 815 711 858 haec:
968 865 970 867 .

515 886 698 942 ,Crescit
729 886 961 943 indulgens
993 885 1077 929 sibi
1109 885 1229 929 dirus
1261 886 1454 941 hydrops

516 960 620 1014 ,Nec
652 959 770 1002 sitim
801 958 940 1013 pellit,
975 961 1059 1002 etc.

345 1031 502 1084 Itaque
547 1035 707 1085 poetae
750 1025 1126 1085 supervacaneum
1168 1030 1308 1074 visum
1361 1032 1430 1073 est
1483 1029 1594 1073 alios
1649 1031 1730 1073 hoc

228 1104 404 1156 docere;
437 1103 599 1146 mentio
632 1101 933 1146 medicaminis
966 1101 1222 1145 sufficiebat.

846 1196 892 1240 O.
924 1196 1112 1239 XXVII.

226 1281 284 1324 M.
318 1281 383 1323 ΡΙ.
417 1284 488 1335 46,
525 1284 597 1323 19:
632 1292 773 1334 pruna
806 1293 833 1322 a
864 1279 1009 1323 ieiuno
1042 1280 1244 1323 eduntur.

227 1352 321 1395 Ser.
333 1366 373 1395 v.
391 1355 473 1395 517
487 1368 495 1393 :
512 1352 745 1404 Prunaque
761 1350 1039 1405 conveniunt,
1056 1364 1167 1404 quae
1181 1351 1321 1394 mittit
1335 1352 1457 1395 clara
1470 1353 1728 1396 Damascus.

228 1423 284 1467 cf.
318 1423 430 1467 Plin.
468 1427 538 1478 23,
575 1427 671 1466 132.

344 1496 494 1539 Verba
527 1508 652 1550 ,quae
687 1520 741 1525 —
777 1495 1035 1538 Damascus‘
1071 1494 1261 1538 Serenus
1301 1508 1324 1538 e
1355 1499 1503 1539 mente
1543 1496 1729 1539 addidit.

226 1568 338 1610 Nam
369 1567 519 1621 prunis
550 1567 777 1621 myxisque
809 1571 943 1620 caput
973 1566 1082 1609 illud
1104 1567 1384 1621 Goelesyriae
1417 1567 1529 1611 satis
1556 1568 1729 1623 insigne

227 1641 326 1683 erat
358 1642 405 1683 et
435 1639 613 1683 clarum.
677 1637 733 1682 cf.
767 1638 833 1681 Pl.
869 1642 936 1693 13,
972 1642 1049 1691 513
1088 1641 1156 1693 15,
1189 1641 1260 1682 43.

226 1712 284 1753 M.
318 1711 383 1752 Pl.
417 1714 487 1764 46,
525 1714 596 1752 10:
631 1711 701 1752 lac
733 1710 958 1763 caprinum
996 1713 1197 1763 potatum
1237 1724 1333 1752 cum
1372 1712 1466 1753 sale
1506 1715 1552 1754 et
1588 1712 1730 1754 melle.

162 1829 165 1832 ,
228 1781 320 1825 Ser.
339 1795 380 1826 v.
401 1784 504 1824 524:
526 1781 609 1825 Vel
626 1794 721 1824 cum
737 1781 855 1824 lacte
874 1792 1036 1834 caprae
1054 1781 1216 1824 salsum
1233 1781 1503 1835 mulsumque
1521 1782 1729 1836 capessis.

526 1853 665 1896 Crede
696 1856 847 1896 tamen
878 1855 1028 1906 potum
1060 1852 1283 1896 meliorem
1316 1853 1448 1897 lactis
1481 1853 1646 1907 equini:

525 1924 699 1968 Dicitur
729 1923 801 1968 hic
833 1924 983 1968 dulces
1017 1924 1170 1968 asinae
1203 1925 1492 1979 praevincere
1525 1938 1664 1970 sucos.

228 1997 284 2040 cf.
318 1997 430 2040 Plin.
465 2001 535 2051 28,
570 2001 669 2040 203.

228 2069 286 2112 M.
319 2069 385 2112 Pl.
418 2072 489 2123 47,
525 2073 569 2111 6:
612 2067 915 2111 thalassomeli
955 2067 1265 2112 iucundissime
1306 2073 1470 2124 purgat
1513 2069 1606 2113 sine
1648 2073 1732 2113 sto-

442 2140 587 2183 machi
617 2139 854 2184 vexatione
895 2143 941 2182 et
982 2140 1115 2183 odore
1157 2144 1287 2195 grato
1327 2144 1372 2184 et
1414 2154 1585 2196 sapore,
1619 2143 1733 2195 quod

444 2211 507 2255 sic
543 2211 640 2254 fieri
671 2211 822 2254 debet:
863 2224 1005 2264 aquae
1041 2211 1240 2254 marinae
1274 2215 1320 2254 et
1352 2225 1493 2265 aquae
1527 2213 1732 2256 caelestis

445 2283 599 2326 eadem
649 2295 854 2326 mensura
903 2285 947 2325 et
994 2283 1081 2325 mel
1133 2282 1327 2326 eiusdem
1379 2283 1593 2337 portionis
1640 2297 1733 2338 per-

443 2354 695 2409 miscentur,
730 2358 776 2397 et
807 2357 1013 2399 servatur
1043 2354 1089 2397 in
1119 2367 1228 2399 vaso
1260 2355 1387 2398 fictili
1418 2355 1578 2409 picato.

231 2428 323 2471 Ser.
347 2442 388 2472 v.
414 2430 517 2470 532:
553 2427 695 2480 Saepe
715 2426 1018 2470 thalassomeli
1045 2426 1220 2470 adiecto
1250 2427 1564 2471 cumulavimus
1585 2427 1731 2470 imbri:

550 2498 674 2540 Haec
704 2501 910 2552 purgant,
937 2497 1069 2551 parili
1100 2497 1267 2540 fuerint
1296 2498 1333 2540 si
1360 2499 1553 2551 pondere
1583 2499 1730 2541 micta.

232 2571 288 2613 cf.
322 2570 433 2613 Plin.
469 2573 537 2624 31,
573 2573 640 2611 68.

350 2641 514 2683 Versus
547 2639 675 2695 525s6
708 2639 883 2693 ingenio
916 2643 1076 2692 poetae
1108 2639 1266 2682 tribuo.

863 2734 908 2778 G.
941 2735 1110 2778 XXIX.

147 2844 149 2847 -
231 2821 289 2862 M.
323 2820 388 2862 ΡΙ.
430 2822 499 2873 54,
542 2822 614 2861 18:
659 2830 771 2871 quae
813 2818 1035 2871 pelluntur
1072 2821 1175 2871 poto
1221 2816 1386 2861 cervini
1428 2830 1584 2860 cornus
1626 2831 1734 2861 com-

445 2889 564 2934 busti
596 2888 755 2933 cinere.

233 2964 326 3007 Ser.
350 2977 390 3008 v.
416 2966 519 3006 564:
553 2963 673 3018 Ergo
707 2961 815 3005 cinis
850 2975 983 3005 cornu
1016 2961 1182 3006 cervini
1213 2960 1415 3015 proderit
1446 2961 1643 3005 haustus.

233 3035 289 3079 cf.
322 3035 434 3077 Plin.
469 3039 539 3088 28,
573 3038 672 3076 211.
