1947 3391
1634 296 1695 341 15

196 437 253 480 M.
286 436 351 480 Pl.
395 440 492 490 100,
533 439 578 478 9:
627 434 821 489 pruritus
869 435 1029 478 sedant
1074 435 1247 478 cocleae
1290 435 1499 489 minutae,
1545 434 1695 488 tritae,

409 507 655 561 impositae.

197 578 288 623 Ser.
322 592 363 624 v.
398 581 476 621 85:
519 611 1154 621 ...............
1199 578 1458 631 cocleaeque
1499 577 1695 620 minutae

516 650 708 704 Quarum
740 653 948 693 contactu
978 650 1218 703 perimetur
1249 651 1410 693 acerba
1441 649 1589 693 libido.

195 721 251 765 cf.
284 720 384 764 Plin
417 724 487 776 30,
523 724 620 764 121.

314 793 424 835 Tres
481 793 641 836 allatos
702 794 820 836 locos
877 793 1066 836 Serenus
1122 792 1368 835 Medicinae
1423 793 1489 835 Pl.
1548 792 1693 836 debet.

192 864 370 907 Haecce
402 865 550 906 autem
582 863 789 907 addenda
821 866 935 907 sunt.
998 864 1050 906 In
1081 875 1212 907 versu
1245 867 1300 906 82
1334 862 1525 906 Serenus
1546 863 1695 907 verbis

195 936 335 991 ,acido
374 936 549 978 Baccho
590 936 793 978 miscebis
835 935 959 978 farra
996 935 1146 989 lupini‘
1180 935 1416 978 adumbrat
1447 934 1694 978 Medicinae

192 1008 257 1050 Pl.
305 1008 561 1062 ‚lupinorum
605 1007 752 1050 farina
796 1021 850 1050 ex
892 1010 1019 1051 aceto
1062 1008 1280 1060 subacta‘3
1334 1010 1489 1050 contra
1526 1006 1695 1050 Plinius

190 1080 377 1132 praebet
427 1078 587 1133 ‚farina
630 1079 874 1133 lupinorum
919 1082 1045 1122 aceto
1091 1080 1304 1122 subacta‘.
1382 1079 1498 1121 Plini
1546 1082 1693 1122 autem

192 1149 479 1197 elocutionem
510 1163 578 1192 me
615 1150 874 1204 intellegere
911 1163 1037 1204 nego.
1100 1151 1211 1192 Num
1245 1151 1401 1203 ‚aceto‘
1434 1163 1512 1203 pro
1540 1150 1692 1194 dativo

191 1220 404 1264 habebis?
449 1220 652 1264 Manibus
701 1220 874 1274 quidem
922 1220 1065 1276 subigi
1112 1220 1260 1263 farina
1306 1223 1468 1275 potest,
1517 1220 1693 1264 minime

190 1295 330 1335 aceto.
411 1292 650 1347 ‚Subigere⁴
694 1293 811 1347 apud
849 1293 1087 1346 scriptores
1118 1305 1263 1335 rerum
1295 1292 1563 1335 medicarum
1596 1305 1692 1336 cum

188 1363 514 1417 praepositione
559 1364 834 1419 conjunctum
867 1363 1078 1408 invenies.
1142 1364 1299 1416 Itaque
1344 1363 1510 1407 conicio
1557 1364 1692 1407 Medi-

193 1434 335 1477 cinam
380 1436 446 1478 Pl.
494 1435 728 1490 genuinam
770 1436 965 1489 phrasim
1009 1448 1212 1479 servasse
1257 1439 1302 1478 et
1346 1436 1463 1489 apud
1501 1436 1691 1479 Plinium

192 1505 512 1549 restituendum
544 1519 640 1549 esse
674 1519 743 1560 ‚ex
775 1510 901 1549 aceto
934 1507 1147 1549 subacta‘.

853 1697 897 1740 O.
931 1697 1029 1740 VH.

191 1792 249 1834 M.
282 1792 348 1834 Pl.
383 1795 452 1846 92,
486 1795 534 1834 4:
568 1792 711 1845 pulmo
743 1791 923 1845 pecudis
956 1790 1123 1834 calidus
1156 1791 1273 1834 circa
1301 1796 1434 1845 caput
1466 1792 1688 1846 alligatur.

192 1862 285 1906 Ser.
318 1877 359 1907 v.
393 1867 470 1905 91:
506 1863 719 1908 Convenit
753 1876 776 1906 e
809 1862 965 1906 calidis
996 1863 1210 1916 pecudum
1242 1863 1515 1916 pulmonibus
1548 1867 1652 1918 apte

506 1935 723 1988 Tempora
754 1933 1006 1989 languentis
1037 1934 1207 1977 medica
1239 1934 1444 1977 redimire
1477 1947 1651 1978 corona.

191 2004 247 2048 cf.
280 2005 392 2048 Plin.
428 2010 496 2059 30,
532 2009 601 2048 95.

188 2077 246 2119 Μ.
279 2076 345 2120 Pl.
381 2081 450 2131 92,
485 2080 530 2120 3:
566 2076 740 2120 suffitus
771 2077 903 2120 lanae
936 2076 1116 2120 sucidae
1147 2076 1341 2131 prodest.

189 2147 283 2191 Ser.
316 2162 357 2192 v.
392 2153 469 2191 93:
503 2148 660 2191 Inlotis
693 2148 828 2191 etiam
859 2148 974 2191 lanis
1007 2147 1158 2191 suffire
1190 2151 1420 2191 memento.

189 2218 246 2262 of.
279 2218 391 2263 Pljn.
426 2223 496 2274 29,
531 2223 600 2262 31.
1343 2271 1345 2274 ⁵

307 2291 401 2334 Hos
457 2291 589 2344 locos,
644 2303 749 2342 quos
809 2290 854 2332 in
900 2290 1087 2334 diversis
1148 2291 1272 2333 libris
1321 2291 1436 2333 Plini
1486 2291 1684 2346 legimus,

190 2364 344 2406 auctor
406 2361 653 2405 Medicinae
713 2361 779 2404 Pl.
842 2360 886 2404 in
958 2374 1089 2405 unum
1161 2364 1294 2415 caput
1362 2362 1559 2417 contulit,
1632 2375 1686 2406 ex

189 2447 271 2487 quo
318 2434 506 2477 Serenus
552 2433 712 2476 hausit.
791 2433 916 2487 Quod
961 2433 1151 2477 Serenus
1200 2433 1266 2489 (et
1312 2433 1499 2491 Plinius)
1547 2447 1683 2489 ,pecu-

188 2505 317 2559 dum‘,
370 2504 617 2548 Medicinae
672 2504 737 2546 Pl.
793 2507 948 2547 auctor
1002 2504 1208 2559 ,pecudis‘
1272 2504 1462 2559 scripsit,
1524 2502 1684 2548 nullius

186 2575 394 2618 momenti
426 2578 506 2618 est.

307 2646 395 2690 Sed
453 2659 618 2701 vocem,
681 2646 916 2701 ‚cerritum‘
978 2659 1132 2691 versus
1194 2650 1263 2701 94,
1327 2659 1456 2700 quam
1516 2647 1561 2690 in
1618 2660 1682 2703 eo,

188 2718 301 2771 quod
348 2717 558 2772 sequitur,
601 2717 828 2760 enuntiato
868 2717 1103 2760 subaudire
1144 2718 1248 2759 mihi
1281 2717 1497 2772 displicet,
1535 2719 1684 2761 malim

186 2789 449 2845 coniungere
497 2802 591 2833 cum
634 2788 711 2831 ina
759 2788 1075 2844 ,medicantur‘.
1141 2788 1328 2845 ,Suffire‘
1377 2802 1481 2833 vero
1526 2802 1604 2843 per
1636 2803 1683 2833 se

186 2862 288 2915 poni
318 2875 446 2916 posse
479 2864 667 2904 constat.
