1947 3391
446 419 544 461 dem
578 419 687 462 cinis
721 433 774 461 ex
809 419 908 463 vino
949 419 1091 462 calido
1132 418 1389 475 sanguinem
1432 417 1740 462 excreantibus

446 504 712 546 magnopere
744 491 965 533 laudatur.

230 563 322 605 Ser.
347 577 388 606 v.
415 567 519 606 374:
555 563 709 606 Uritur
740 563 961 606 interdum
994 568 1148 617 raptus
1182 563 1236 606 de
1270 565 1425 607 subere
1458 566 1609 606 cortex

553 635 614 677 Et
647 634 756 677 cinis
789 647 843 677 ex
876 634 1016 678 calido
1049 634 1231 688 prodest
1263 639 1394 689 epota
1425 636 1590 690 Lyaeo.

883 767 928 809 c,
962 766 1087 808 xxi.
1174 762 1186 830 s

227 850 343 893 Plin.
379 853 448 904 24,
483 854 558 893 46:
595 850 753 893 Semen
799 849 917 893 foliis
962 849 1055 893 eius
1100 848 1180 907 (sc.
1227 849 1412 907 fraxini)
1456 850 1585 905 inest,
1629 863 1740 903 quae

442 922 675 964 medentur
726 921 945 976 iocineris,
1015 922 1205 964 laterum
1268 921 1489 964 doloribus
1539 922 1584 964 in
1636 922 1738 964 vino

446 1006 604 1046 aquam
638 1005 750 1046 quae
784 993 903 1036 subit
935 996 1079 1036 cutem
1113 993 1364 1036 extrahunt.

227 1064 319 1106 Ser.
339 1078 380 1106 v.
400 1068 508 1106 382:
545 1064 740 1106 Sumitur
757 1069 835 1106 aut
868 1077 1029 1118 semen,
1050 1065 1164 1116 quod
1191 1064 1391 1107 fraxinus
1417 1065 1509 1106 alta
1527 1064 1739 1117 profudit.

225 1172 337 1214 Plin.
386 1175 455 1226 24,
501 1175 582 1214 46:
630 1171 787 1214 Aceris
849 1171 977 1214 radix
1040 1175 1254 1215 contunsa
1302 1185 1325 1214 e
1388 1171 1488 1216 vino
1537 1171 1741 1215 iocineris

443 1243 663 1287 doloribus
696 1243 994 1287 efficacissime
1026 1243 1263 1297 inponitur.

226 1316 319 1359 Ser.
343 1329 385 1359 v.
411 1320 515 1359 390:
553 1349 741 1357 .....
770 1319 848 1358 aut
880 1315 1022 1358 aceris
1055 1315 1259 1358 radicem>
1284 1315 1432 1358 tundis
1466 1319 1511 1358 et
1544 1329 1630 1359 una

551 1388 656 1430 Cum
669 1387 769 1431 vino
782 1387 922 1441 capis:
942 1388 1023 1430 hoc
1034 1400 1247 1441 praesens
1254 1386 1528 1430 medicamen
1535 1388 1737 1431 habetur.

857 1519 902 1561 O.
935 1519 1101 1561 XXIV.

224 1603 337 1646 Plin.
373 1607 443 1657 23,
481 1606 586 1645 144:
622 1602 702 1658 (sc.
737 1601 889 1659 nuces)
922 1602 1028 1645 item
1059 1602 1265 1645 iocineris
1299 1606 1345 1645 et
1376 1602 1544 1645 renium
1567 1602 1739 1646 dolores

443 1687 496 1717 ex
529 1687 645 1727 aqua
676 1677 809 1728 potae
847 1708 854 1715 .
891 1708 898 1716 .
937 1708 944 1715 .
983 1708 990 1715 .

225 1746 318 1789 Ser.
343 1760 385 1789 v.
409 1750 515 1788 459:
550 1745 716 1788 Fertur
738 1745 1050 1800 amygdalinae
1078 1758 1206 1788 sucus
1233 1745 1357 1789 nucis
1389 1758 1487 1789 esse
1503 1745 1738 1789 bibendus:

552 1817 752 1860 Pinsitur
768 1818 879 1860 haec
898 1817 1136 1870 tepidoque
1166 1817 1418 1860 absorbitur
1440 1817 1584 1860 indita
1608 1816 1738 1860 fonti.

193 1946 201 1953 ··
222 1924 334 1967 Plin.
372 1928 442 1978 30,
478 1927 553 1966 53:
590 1923 770 1966 Lateris
804 1923 1027 1966 doloribus
1063 1957 1070 1965 .
1109 1959 1115 1964 .
1154 1958 1161 1965 .
1196 1924 1438 1966 lumborum
1462 1923 1602 1967 dolori
1637 1958 1644 1965 .
1681 1958 1689 1966 .
1728 1959 1735 1966 .

442 1995 617 2038 cocleae
646 1998 738 2038 tres
771 1995 990 2038 contritae
1022 2008 1117 2038 cum
1141 1995 1271 2038 testis
1304 1994 1394 2038 suis
1415 1998 1548 2048 atque
1574 1995 1619 2038 in
1640 1994 1741 2039 vino

443 2067 653 2110 decoctae
687 2079 780 2109 cum
813 2065 978 2120 piperis
1010 2066 1161 2121 granis
1193 2066 1290 2109 XV.

226 2138 319 2180 Ser.
337 2151 375 2180 v.
393 2142 499 2179 461:
519 2138 610 2179 Aut
642 2141 735 2179 tres
769 2150 823 2179 ex
855 2137 956 2180 vino
990 2138 1162 2180 cocleas
1195 2136 1447 2180 fervescere
1481 2150 1612 2191 coges

516 2208 707 2262 Cumque
720 2207 810 2252 suis
821 2208 1020 2251 domibus
1030 2207 1212 2263 franges
1222 2224 1231 2261 3
1245 2208 1412 2262 piperis
1424 2221 1592 2262 quoque
1600 2220 1742 2263 grana

516 2281 604 2323 Ter
636 2280 768 2333 quina
800 2280 966 2323 adicies
998 2284 1189 2334 potuque
1218 2280 1442 2324 iuvaberis
1473 2280 1561 2323 illo.

877 2411 921 2454 G.
955 2411 1097 2455 XXV.

227 2495 340 2538 Plin.
376 2498 445 2548 24,
482 2498 559 2536 68:
595 2493 757 2537 Gravis
791 2497 939 2536 autem
973 2498 1127 2537 auctor
1158 2494 1204 2537 in
1236 2494 1453 2537 medicina
1485 2494 1656 2548 virgam
1689 2506 1744 2536 ex

447 2578 499 2607 ea
561 2564 823 2618 defractam‚
879 2568 929 2606 ut
984 2576 1125 2617 neque
1174 2568 1339 2607 terram
1387 2577 1528 2618 neque
1579 2564 1744 2607 ferrum

446 2635 706 2691 attingeret⁷
766 2634 923 2677 sedare
986 2635 1156 2678 ventris
1223 2635 1396 2679 dolores
1458 2634 1743 2679 adseveravit

446 2708 682 2761 inpositam
763 2707 828 2749 ita
907 2712 955 2749 ut
1032 2707 1182 2750 tunica
1261 2707 1492 2760 cinctuque
1572 2699 1769 2761 corpori*

447 2778 783 2833 adprimeretur.

232 2852 326 2894 Ser.
350 2865 391 2895 v.
410 2855 527 2893 480:
562 2851 654 2893 Nec
671 2864 758 2893 non
775 2850 998 2904 iungenda
1017 2855 1085 2893 est
1111 2854 1237 2893 utero
1260 2863 1376 2894 nova
1399 2850 1528 2904 virga
1550 2849 1743 2904 myricae

556 2921 734 2964 Inlaesa
775 2921 884 2963 haec
926 2920 1044 2963 ferro
1087 2926 1294 2974 terraque
1339 2920 1510 2963 intacta
1547 2926 1743 2975 geratur.
