1947 3391
0 2503 26 2568 ξς

1688 303 1750 353 33

252 446 309 490 M.
342 443 408 490 Pl.
443 451 513 501 89,
551 448 593 488 1:
627 457 765 489 ranae
786 442 832 489 in
857 443 989 490 trivio
1013 444 1315 499 decoquuntur
1337 459 1432 488 cum
1455 446 1563 500 oleo,
1597 459 1754 489 carnes

466 531 616 562 earum
647 517 893 572 proiectae:
928 531 979 561 eo
1011 518 1106 561 0100
1137 520 1322 561 utuntur
1353 518 1412 561 ad
1435 517 1696 562 unctionem.

252 590 345 634 Ser.
369 604 410 635 v.
435 594 539 633 912:
575 589 663 633 Sed
693 589 815 644 prius
847 592 917 634 est
949 590 1043 633 oleo
1082 602 1247 644 parvas
1279 589 1529 634 fervescere
1560 602 1695 633 ranas

572 662 624 704 In
655 661 800 705 triviis
832 661 992 714 illoque
1025 664 1149 704 artus
1181 661 1420 715 perducere
1454 675 1567 705 succ.

252 731 309 776 of.
342 732 454 775 Plin.
490 735 559 787 32,
595 735 692 775 113.

369 804 512 846 Voces
546 804 753 858 ‚anesum‘
787 807 833 846 et
866 805 1072 858 ,anetum‘
1101 803 1356 857 saepissime
1403 803 1615 848 confusae
1653 807 1756 847 sunt

252 877 385 928 atque
431 874 603 918 librarii
648 874 782 917 medii
838 874 939 919 aevi
994 888 1073 929 pro
1125 875 1287 929 ,aneso‘
1337 874 1496 928 ubique
1547 875 1753 936 ,anetum‘

251 946 523 999 scripserunt
536 946 562 999 ¹,
586 960 681 989 cum
697 947 897 999 plantam
918 946 1039 989 illam
1057 946 1313 990 officinalem
1329 946 1460 1000 plane
1481 946 1753 1002 ignorarent.

250 1008 407 1072 Itaque
438 1017 497 1074 id,
532 1018 646 1072 quod
678 1017 865 1074 contigit
887 1018 1128 1062 scribarum
1148 1018 1271 1073 vitio,
1304 1018 1480 1061 minime
1500 1018 1755 1061 auctoribus

249 1090 357 1143 ipsis
389 1090 668 1133 tribuendum
700 1094 768 1133 est
799 1104 939 1144 neque
972 1090 1316 1134 concludendum
1338 1092 1515 1144 poetam
1556 1103 1605 1133 re
1646 1102 1755 1134 vera

250 1159 295 1204 in
326 1159 547 1204 Medicina
579 1160 644 1204 Pl.
678 1160 839 1216 legisse
873 1161 1037 1216 ,aneti‘.

878 1292 923 1334 G.
957 1292 1121 1335 XLIX.

227 1350 307 1418 nM.
330 1376 396 1418 Pl.
422 1379 491 1430 90,
516 1380 562 1418 2:
595 1375 730 1429 puleii
761 1388 908 1418 ramus
939 1375 985 1417 in
1016 1376 1120 1418 lana
1151 1374 1373 1418 involutus
1406 1378 1511 1418 ante
1544 1374 1757 1418 30008810-

439 1460 561 1503 nem
594 1447 871 1490 olfaciundus
903 1447 1036 1490 datur
1068 1450 1145 1489 aut
1178 1447 1333 1490 stratis
1367 1447 1580 1490 subditur.

250 1519 343 1562 Ser.
366 1533 407 1563 v.
430 1523 533 1561 919:
568 1518 690 1562 Pulei
724 1531 872 1562 ramus
902 1519 1034 1561 lanae
1065 1518 1240 1562 velatus
1273 1518 1437 1561 amictu

570 1591 784 1644 Tempore
817 1593 1020 1643 suspecto
1052 1589 1244 1633 medicos
1275 1590 1507 1644 praebebit
1540 1590 1708 1634 odores.

250 1661 305 1704 cf.
339 1661 451 1704 Plin.
487 1666 556 1716 20,
593 1665 690 1704 155.
877 1690 916 1707 -

912 1755 959 1799 (3.
993 1756 1089 1798 LH.

249 1841 307 1882 M.
341 1840 406 1882 Pl.
442 1844 511 1894 99,
548 1843 623 1881 11:
659 1839 870 1882 Caninum
903 1841 1128 1882 cerebrum
1159 1839 1339 1882 linteolo
1371 1838 1544 1882 inlitum
1575 1824 1777 1894 imponi--

463 1913 536 1954 tur
576 1909 863 1965 superpositis
899 1910 1014 1953 lanis
1052 1922 1164 1963 quae
1203 1910 1387 1953 subinde
1425 1910 1751 1953 subfundantur

463 1983 558 2026 fere
589 1983 697 2026 XIV
729 1982 881 2025 diebus
914 1982 1076 2025 solidat
1109 2016 1117 2025 .
1153 1992 1162 2024 2
1198 2016 1206 2025 .
1243 2016 1250 2025 .
1287 2016 1295 2025 .

249 2054 341 2098 Ser.
365 2068 406 2099 v.
432 2057 535 2098 949:
571 2054 813 2098 Conveniet
835 2055 1061 2097 cerebrum
1083 2054 1235 2097 blandi
1258 2053 1380 2097 canis
1403 2054 1569 2097 addere
1591 2053 1749 2097 fractis

567 2126 731 2169 Lintea
763 2125 921 2168 deinde
954 2138 1168 2179 superque
1200 2125 1381 2168 indutas
1406 2129 1585 2168 nectere
1606 2126 1748 2180 lanas,

568 2197 753 2251 Saepius
785 2199 831 2240 et
863 2189 988 2241 sucos
1020 2209 1315 2252 conspargere
1346 2196 1520 2253 pinguis
1553 2197 1678 2241 olivi:

567 2269 643 2312 Bis
675 2272 843 2322 septem
875 2269 1060 2312 credunt
1092 2269 1341 2312 coalescere
1379 2272 1539 2312 cuncta
1580 2269 1746 2312 diebus.

246 2341 303 2386 cf.
336 2341 449 2386 Plin.
484 2346 553 2397 30,
589 2345 686 2385 119.

244 2414 303 2457 M.
336 2413 402 2456 Pl.
437 2417 506 2468 99,
543 2417 615 2455 19:
651 2404 675 2455 ,Δ
695 2445 883 2455 .....
918 2412 1053 2455 costis
1085 2412 1242 2455 fractis
1274 2412 1511 2465 imponitur
1542 2412 1747 2465 caprinus

458 2485 584 2528 fimus
616 2496 670 2527 ex
701 2486 853 2527 vetere
884 2482 1005 2527 vino:
1040 2482 1198 2538 aperit,
1233 2482 1443 2538 extrahit,
1477 2486 1621 2525 sanat.

245 2557 337 2600 Ser.
353 2570 394 2601 v.
411 2559 517 2599 954:
536 2556 628 2598 Aut
658 2554 801 2600 veteri
832 2555 1007 2597 Baccho
1040 2566 1202 2608 caprae
1230 2554 1355 2597 fimus
1386 2554 1489 2597 inde
1520 2554 1742 2608 petulcae:

537 2625 1026 2679 Hocreseratclausum,
1034 2624 1175 2668 trahit
1181 2626 1382 2680 haerens,
1393 2628 1524 2668 sanat
1531 2629 1742 2678 opertum.

244 2698 300 2742 cf.
334 2699 446 2742 Plin.
481 2703 551 2754 28,
585 2703 684 2742 277.

221 2771 300 2813 ·’Μ.
333 2770 399 2813 Pl.
436 2774 504 2826 72,
539 2774 583 2813 9:
618 2768 816 2812 articulis
859 2767 1034 2812 vexatis
1077 2771 1447 2821 praesentaneum
1489 2771 1558 2810 est
1593 2780 1743 2811 sevum

456 2842 635 2896 pecudis
668 2843 766 2884 cum
796 2841 942 2883 cinere
972 2839 1165 2882 mulieris
1198 2840 1467 2894 capillorum.

365 2959 372 2978 ¹
401 2959 445 2994 cf.
472 2959 578 3003 Rose,
605 2959 726 2994 Herm.
753 2959 776 2993 l.
803 2959 825 2993 l.
851 2970 887 3002 p.
912 2959 968 3001 37,
996 2959 1028 2992 2.
