1947 3391
1639 288 1696 331 ll

202 431 275 468 τοῦ
317 428 559 481 σπέρματος
595 428 806 473 ποθέντος
845 428 890 468 έν
933 428 1035 481 οἴνῳ
1064 459 1071 467 .
1099 427 1170 468 καὶ
1208 428 1523 481 προβρωθέντα
1566 427 1612 468 δὲ
1652 426 1701 467 τὰ

202 498 338 553 φύλλα
380 498 482 540 καθ’
524 498 650 540 ἑαυτὰ
687 489 759 540 καὶ
797 498 904 553 μετὰ
941 498 1122 552 καρύων
1165 498 1394 552 βασιλικῶν
1437 498 1508 540 καὶ
1557 498 1702 540 σύκων

202 571 357 624 ξηρῶν,
390 570 583 622 ἄπρακτα
615 570 835 624 καθίστησι
864 569 912 610 τὰ
943 570 1187 623 θανάσιμα’.

321 640 383 683 Et
413 640 447 695 I,
482 653 517 683 c.
555 644 656 683 178:
698 640 816 696 [περὶ
852 641 1030 695 καρύων
1059 640 1314 696 βασιλικῶν]
1354 672 1600 688 .......
1632 641 1703 682 καὶ

200 713 455 765 θανασίμων
491 713 738 766 φαρμάκων
776 712 883 753 ἐστὶν
919 713 1234 766 ἀντιφάρμακα,
1274 713 1591 767 προβρωθέντα
1630 714 1702 753 καὶ

202 783 498 838 ἒπιβρωθέντα
531 782 606 826 σὺν
636 784 773 839 ἰσχάσι
805 783 876 826 καὶ
906 784 1119 839 πηγάνῳ.ί

320 854 466 907 Atque
497 855 594 909 περὶ
618 856 814 909 εὐποριστ
832 890 840 897 .
862 856 1056 910 φαρμάκ.
1109 855 1166 909 II,
1191 868 1226 897 c.
1254 858 1356 898 136:
1399 889 1408 898 .
1434 889 1442 898 .
1469 889 1477 898 .
1504 889 1512 898 .
1545 856 1702 909 ,κάρυα

200 926 397 979 βασιλικὰ
440 926 546 980 μετὰ
589 926 781 980 ἰσχάδων
822 927 892 968 καὶ
931 927 1127 980 πηγάνου
1168 926 1344 980 φύλλων
1384 927 1701 980 προεσθιόμενα

200 997 270 1038 καὶ
302 997 593 1052 ἔπιβρωθέντα
626 997 702 1039 σὺν
733 998 914 1052 πηγάνῳ
946 998 1017 1039 καὶ
1048 998 1198 1052 ἐλαίαν.

319 1067 668 1112 Mithridaticam
712 1072 859 1112 autem
900 1082 1113 1122 nusquam
1155 1068 1399 1122 appellavit
1438 1068 1700 1112 antidotum.

319 1139 433 1195 Quid
483 1140 681 1184 historici
738 1140 792 1183 de
843 1140 911 1184 his
963 1141 1093 1183 rebus
1143 1139 1357 1183 tradunt?
1422 1140 1700 1195 Plutarchus,

199 1212 392 1266 Pompej.
432 1212 510 1256 vit.
544 1211 632 1269 (ed.
668 1211 881 1269 Sintenis)
924 1225 959 1255 c.
996 1216 1064 1266 32,
1108 1212 1154 1254 in
1191 1212 1295 1255 fine:
1335 1225 1485 1267 regem
1522 1212 1589 1266 iis,
1629 1212 1702 1265 qui

201 1296 254 1326 ex
304 1282 411 1338 fuga
462 1297 511 1326 eo
563 1284 886 1338 confluxissent,
937 1283 1157 1337 pretiosas
1209 1286 1359 1327 vestes
1410 1283 1701 1338 distribuisse,

199 1355 351 1398 amicis
398 1368 565 1409 quoque
607 1355 789 1411 singulis
829 1356 965 1399 letale
1008 1368 1223 1400 venenum
1269 1355 1457 1410 dedisse,
1503 1368 1559 1398 ne
1608 1355 1703 1408 quis

197 1426 364 1470 invitus
394 1427 440 1469 in
471 1427 661 1470 hostium
692 1430 962 1481 potestatem
994 1427 1183 1472 veniret.

316 1497 378 1540 Et
427 1497 553 1541 initio
605 1511 641 1541 c.
697 1502 771 1541 37:
845 1498 925 1546 ‚''Ev
982 1498 1028 1540 δὲ
1084 1504 1146 1553 τῷ
1195 1504 1329 1552 καινῷ
1378 1499 1576 1552 φρουρίῳ
1632 1499 1705 1540 καὶ

199 1570 441 1623 γράμμασιν
482 1571 739 1624 ἀποῤῥήτοις
779 1571 803 1612 ὁ
841 1569 1075 1624 Πομπήιος
1113 1571 1279 1624 ἐνέτυχε
1314 1574 1388 1612 τοῦ
1428 1569 1702 1624 Μθριδάτου

198 1640 270 1681 καὶ
313 1640 484 1695 διῆλθεν
527 1641 620 1682 οὐκ
665 1641 841 1695 ἀηδῶς
882 1641 987 1682 αὐτὰ
1030 1641 1193 1695 πολλὴν
1244 1642 1393 1695 ἔχοντα
1439 1645 1515 1682 τοῦ
1562 1642 1703 1695 ἤθους

199 1712 475 1766 κατανόησιν.ί

319 1783 403 1827 Dio
436 1783 557 1827 Cass.
591 1783 679 1841 (ed.
702 1782 890 1841 Melber)
921 1784 1155 1839 XXXVII,
1190 1796 1225 1827 c.
1258 1787 1310 1827 13
1350 1787 1507 1827 narrat
1537 1797 1700 1839 regem,

200 1869 296 1899 cum
347 1856 473 1899 letali
525 1856 845 1900 medicamento
889 1856 1073 1899 interire
1120 1856 1266 1910 potius
1315 1869 1444 1909 quam
1490 1856 1701 1900 Romanis

200 1927 338 1971 subici
369 1928 535 1982 mallet,
568 1928 676 1970 nihil
707 1928 942 1982 invenisse,
976 1928 1090 1981 quod
1123 1941 1219 1971 eum
1251 1928 1504 1970 interimere
1536 1932 1699 1981 posset.

200 1998 257 2042 cf.
291 1998 450 2043 Galeni
479 2016 520 2040 π.
554 2000 682 2041 ἀντιδ.
715 2000 748 2053 Ι,
783 2012 819 2042 c.
857 2003 893 2042 1.
949 2024 1002 2029 -
1055 1999 1125 2042 Ex
1174 1999 1366 2053 Appiani
1412 1999 1561 2042 Mithr.
1610 1998 1698 2056 (ed.

199 2070 507 2113 Mendelssohn
539 2083 580 2124 p.
615 2069 721 2126 553)
760 2069 784 2127 ξ
820 2074 901 2112 111
943 2070 1230 2124 comperimus
1268 2079 1448 2124 praeter
1486 2083 1553 2124 ea,
1588 2083 1699 2123 quae

198 2141 282 2185 Dio
334 2142 455 2185 Cass.
507 2142 660 2197 tradit,
715 2155 865 2197 regem
910 2142 1265 2196 compositionem
1314 2143 1424 2196 ,περὶ
1469 2148 1529 2197 τῷ
1576 2143 1697 2197 ,ξίφειι

200 2225 347 2256 secum
378 2213 544 2256 tulisse.

318 2284 414 2341 His,
449 2298 554 2339 quos
587 2284 731 2341 attuli,
764 2284 872 2329 locis
913 2297 982 2328 me
1015 2284 1096 2328 tibi
1127 2284 1399 2340 persuasisse
1440 2288 1545 2339 puto
1579 2284 1700 2328 Sere-

199 2369 301 2399 num
353 2369 377 2399 e
432 2356 679 2399 Medicinae
729 2357 795 2399 Pl.
849 2357 1062 2400 hausisse.
1133 2356 1275 2411 Quid?
1327 2357 1480 2399 Nonne
1531 2358 1700 2399 Roseus

200 2427 465 2471 Medicinam
495 2427 745 2471 Plinianam
776 2427 1012 2471 recentiori
1045 2427 1187 2471 aetati
1219 2440 1360 2481 quam,
1395 2440 1480 2480 qua
1512 2426 1701 2470 Serenus

201 2499 349 2554 fuerit,
400 2499 679 2542 tribuendam
736 2511 832 2542 esse
885 2498 1066 2542 censet?
1134 2499 1220 2541 Sed
1271 2498 1523 2552 priusquam
1574 2500 1698 2553 haec,

201 2583 312 2624 quae
359 2570 476 2613 inter
520 2583 567 2613 se
609 2582 807 2625 pugnare
851 2570 1134 2623 videntur,
1179 2569 1478 2624 persolvimus,
1528 2569 1700 2625 singula

199 2642 301 2685 libri
369 2641 642 2684 medicinalis
713 2642 863 2695 capita
925 2642 1069 2684 omnia
1132 2641 1338 2694 deinceps
1398 2641 1700 2694 perquiramus

201 2717 246 2756 et
292 2713 519 2757 videamus
563 2725 587 2755 e
633 2712 854 2756 Medicina
898 2712 1103 2755 Pliniana
1151 2725 1262 2765 quae
1315 2712 1474 2755 ducere
1530 2712 1701 2766 possint

201 2784 425 2840 originem.
517 2785 584 2826 Ac
645 2784 830 2838 primum
893 2783 1199 2837 exscripsimus
1261 2783 1394 2837 locos,
1467 2783 1538 2836 qui
1607 2783 1701 2827 sine

201 2856 330 2901 dubio
364 2870 387 2900 6
420 2856 640 2900 Medicina
671 2857 736 2900 Pl.
771 2856 857 2900 orti
895 2858 1010 2911 sunt,
1044 2855 1201 2899 deinde
1235 2855 1288 2898 de
1322 2854 1476 2909 quibus
1508 2855 1702 2899 dubitari

199 2931 360 2983 potest.
