1947 3391
208 343 235 384 6

202 477 436 531 videbitur,
472 477 544 530 qui
575 477 750 521 noverit
781 477 902 520 illam
935 477 1346 520 commentationem
1371 478 1468 520 Val.
1501 476 1635 519 Rosei
1661 476 1706 518 in

200 549 394 592 Hermae
425 549 510 592 vol.
543 549 666 603 VIII,
699 562 741 603 p.
768 552 821 605 18
855 561 944 602 eqs.
998 549 1110 592 Nam
1143 548 1420 592 doctissimus
1451 548 1525 592 ille
1556 547 1625 592 vir
1651 547 1705 590 de

199 623 410 675 tempore,
474 633 556 673 quo
617 620 883 664 Medicinam
941 620 1190 663 Plinianum
1253 620 1545 674 conscriptam
1608 632 1704 662 esse

199 695 364 746 censet,
396 692 525 735 haec:

416 764 503 817 „(p.
557 762 634 819 35)
685 764 921 807 Marcellus
972 764 1032 807 ist
1082 776 1128 807 so
1181 764 1259 806 der
1306 766 1425 807 erste
1476 763 1704 807 erhaltene

413 833 751 889 Schriftsteller‚
792 834 871 878 der
913 834 993 877 das
1035 834 1302 879 breviarium
1346 833 1478 877 Plinii
1523 833 1705 877 anfiihrt

411 906 501 948 und
547 907 807 961 gebraucht‚
855 906 945 949 und
993 906 1189 949 dadurch
1242 905 1313 949 die
1366 906 1535 961 einzige
1588 905 1703 949 feste

412 981 592 1020 aussere
625 977 1021 1032 Zeitbestimmung
1053 976 1126 1020 fiir
1159 977 1310 1020 seinen
1331 977 1568 1021 Verfasser
1593 977 1702 1033 gibt,

411 1048 482 1091 die
529 1049 780 1102 iiberhaupt
827 1061 881 1091 zu
915 1048 1154 1100 ,ermitteln
1203 1048 1275 1103 ist,
1325 1049 1575 1104 abgeschen
1618 1061 1703 1093 von

410 1119 509 1162 dem
558 1119 681 1162 alten
727 1119 896 1162 Plinius
945 1120 1096 1174 selbst‚
1146 1119 1291 1162 seiner
1339 1119 1512 1175 Quelle3
1560 1120 1704 1163 dieser

411 1191 519 1234 aber
565 1190 676 1246 liegt
724 1203 772 1234 er
820 1190 1016 1234 offenbar
1063 1190 1170 1234 weit
1221 1192 1289 1233 ab.
1368 1191 1460 1234 Der
1508 1187 1702 1245 Sprache

407 1262 522 1314 nach
554 1263 717 1319 jiinger
758 1262 824 1305 als
857 1262 1081 1317 Gargilius
1114 1262 1348 1317 Martialis,
1390 1263 1510 1305 kann
1543 1275 1591 1305 er
1622 1276 1703 1306 nur

407 1334 453 1376 in
492 1334 573 1377 das
611 1334 919 1378 Jahrhundert
956 1334 1163 1389 gehoren,
1208 1335 1288 1378 das
1331 1334 1429 1377 dem
1467 1335 1702 1378 Marcellus

406 1406 623 1447 zunachst
663 1405 786 1459 liegt,
831 1405 1044 1448 wahrend
1090 1418 1137 1448 er
1179 1406 1290 1448 doch
1335 1406 1499 1449 diesem
1537 1406 1702 1449 wieder

406 1475 530 1518 nicht
568 1489 622 1518 zu
663 1476 778 1518 nahe
819 1476 975 1519 stehen
1016 1477 1155 1518 kann:
1192 1476 1307 1519 denn
1339 1476 1575 1519 Marcellus
1606 1477 1702 1519 halt

406 1547 482 1589 11111
530 1547 603 1589 fiir
651 1547 778 1590 einen
825 1547 1097 1601 wirklichen,
1148 1549 1255 1590 aber
1300 1561 1386 1591 von
1434 1548 1532 1591 dem
1580 1549 1701 1591 alten

408 1618 578 1661 Plinius
594 1618 941 1663 verschiedenen
965 1618 1302 1673 Schriftsteller,
1320 1631 1503 1662 namens
1518 1619 1699 1674 Plinius,

409 1689 532 1732 nicht
594 1689 667 1732 fiir
729 1690 823 1744 das,
876 1702 971 1733 was
1034 1703 1082 1732 er
1143 1689 1386 1733 zweifellos
1447 1689 1519 1744 ist,
1574 1690 1700 1733 einen

405 1761 750 1815 PseudonymuS.
814 1762 921 1804 Also
953 1760 1174 1805 zwischen
1208 1765 1293 1804 300
1325 1761 1414 1804 und
1448 1761 1580 1804 350!“

308 1832 380 1874 Me
414 1831 589 1884 quidem
622 1831 767 1875 indice
800 1831 1022 1875 Medicina
1054 1832 1260 1875 Pliniana
1294 1832 1461 1886 scripta
1494 1836 1561 1875 est
1595 1836 1699 1875 ante

188 1901 345 1945 Sereni
377 1906 587 1945 aetatem.

309 1973 397 2017 Sed
430 1974 604 2030 singula
637 1977 900 2030 argumenta
931 1973 1173 2019 videamus.

932 2106 966 2148 Ι.

185 2190 301 2233 Med.
336 2188 476 2233 Plin.¹
512 2203 553 2244 p.
589 2193 658 2243 31,
694 2192 741 2232 9:
778 2192 952 2232 acetum
985 2192 1031 2231 et
1063 2190 1130 2232 sal
1161 2189 1487 2244 gargarizatur.

186 2260 312 2305 Ser.2
334 2276 375 2305 v.
402 2266 510 2304 278:
547 2261 724 2316 Angina
755 2273 860 2305 vero
893 2258 1103 2303 mixtum3
1136 2260 1229 2304 sale
1261 2260 1404 2314 poscit
1436 2263 1624 2316 acetum,

549 2332 674 2388 Quod
706 2332 846 2375 refert
880 2333 1028 2375 clauso
1061 2335 1287 2376 versatum
1320 2332 1494 2387 agitare
1532 2333 1698 2387 palato.

309 2512 320 2532 ¹
346 2511 459 2547 Plinii
485 2511 640 2547 Secundi
667 2521 758 2555 quae
784 2510 904 2546 fertur
929 2521 1000 2546 una
1027 2521 1107 2545 cum
1134 2509 1289 2556 Gargilii
1308 2510 1487 2546 Martialis
1512 2510 1700 2546 medicina.

187 2572 242 2606 ed.
270 2572 313 2607 V.
340 2571 448 2606 Rose.
474 2570 629 2615 Leipzig
656 2571 759 2604 1875.

309 2631 322 2651 ²
346 2631 451 2667 Poet.
477 2630 542 2667 lat.
568 2629 654 2666 min.
680 2629 734 2665 ed.
762 2629 827 2665 Ae.
853 2629 1027 2673 Behrens,
1056 2629 1122 2673 III,
1148 2640 1182 2674 p.
1211 2630 1278 2664 103
1304 2638 1377 2674 eqs.

307 2691 321 2711 ³
346 2691 493 2737 Angina
517 2701 604 2726 vero
630 2690 782 2725 mixtum
804 2689 832 2725 O
861 2689 938 2734 (sic,
960 2689 1030 2725 nisi
1056 2689 1151 2733 quod
1170 2689 1339 2735 Anguina
1365 2699 1398 2733 6,
1424 2690 1570 2736 Angina
1595 2700 1702 2736 supra

186 2752 199 2787 i
227 2751 345 2796 posita
371 2762 394 2786 u
414 2751 436 2786 f
456 2750 601 2797 Angine
627 2750 690 2794 b);
726 2749 821 2794 quod
847 2749 942 2793 ,iam‘
968 2748 1159 2784 inserendo
1184 2738 1402 2785 Beh'rensius
1438 2760 1477 2785 se
1503 2749 1701 2786 correxisse

186 2811 350 2856 putabat.
408 2811 451 2845 A.
484 2811 584 2845 Baur
616 2809 761 2853 quidem
799 2808 1054 2854 (Quaestiones
1091 2808 1369 2845 Sammoniceae.
1419 2809 1512 2846 Diss.
1551 2809 1702 2854 Giessen

189 2871 293 2913 1886,
318 2881 353 2914 p.
380 2871 441 2914 28)
477 2869 778 2913 acquiescendum
811 2871 936 2903 censet
973 2868 1011 2903 in
1036 2868 1188 2914 vulgata
1212 2868 1368 2904 lectione
1394 2869 1542 2913 ‚Verum
1567 2870 1701 2915 angina

188 2929 256 2966 sibi
274 2929 449 2966 mixtum‘.
509 2929 579 2965 Sed
598 2928 666 2964 hoc
683 2927 830 2964 minime
855 2927 935 2963 fieri
952 2931 1085 2973 potest.
1129 2927 1246 2963 Docto
1271 2927 1326 2963 illi
1344 2927 1422 2964 viro
1440 2927 1701 2973 inspiciendum

189 2994 279 3033 erat,
300 2989 386 3033 quid
404 2990 446 3025 L.
466 2989 599 3024 Miiller
625 2990 832 3033 (comment.
852 2988 968 3023 Lucil.
987 2999 1020 3033 p.
1039 2989 1130 3032 267)
1165 2988 1209 3023 de
1240 2987 1407 3033 prosodia
1425 2987 1524 3024 vocis
1543 2988 1700 3035 ,angina‘
