<?xml version="1.0" encoding="UTF-8"?>
<!DOCTYPE html PUBLIC "-//W3C//DTD XHTML 1.0 Transitional//EN"
    "http://www.w3.org/TR/xhtml1/DTD/xhtml1-transitional.dtd">
<html xmlns="http://www.w3.org/1999/xhtml" xml:lang="en" lang="en">
 <head>
  <title>
</title>
<meta http-equiv="Content-Type" content="text/html;charset=utf-8" />
  <meta name='ocr-system' content='tesseract 3.04.00' />
  <meta name='ocr-capabilities' content='ocr_page ocr_carea ocr_par ocr_line ocrx_word'/>
</head>
<body>
  <div class='ocr_page' id='page_1' title='image "./4626637_0029.png"; bbox 0 0 1947 3391; ppageno 0'>
   <div class='ocr_carea' id='block_1_1' title="bbox 1668 321 1732 366">
    <p class='ocr_par' dir='ltr' id='par_1_1' title="bbox 1668 321 1732 366">
     <span class='ocr_line' id='line_1_1' title="bbox 1668 321 1732 366; baseline -0.016 0"><span class='ocrx_word' id='word_1_1' title='bbox 1668 321 1732 366; x_wconf 83' lang='lat'>23</span> 
     </span>
    </p>
   </div>
   <div class='ocr_carea' id='block_1_2' title="bbox 234 458 1743 1797">
    <p class='ocr_par' dir='ltr' id='par_1_2' title="bbox 234 458 1741 1228">
     <span class='ocr_line' id='line_1_2' title="bbox 235 458 1736 513; baseline -0.001 -11"><span class='ocrx_word' id='word_1_2' title='bbox 235 459 328 503; x_wconf 87' lang='lat' dir='ltr'>Ser.</span> <span class='ocrx_word' id='word_1_3' title='bbox 352 474 393 504; x_wconf 88' lang='lat' dir='ltr'>v.</span> <span class='ocrx_word' id='word_1_4' title='bbox 416 463 522 502; x_wconf 88' lang='lat'>451:</span> <span class='ocrx_word' id='word_1_5' title='bbox 551 459 642 502; x_wconf 91' lang='lat' dir='ltr'>Aut</span> <span class='ocrx_word' id='word_1_6' title='bbox 664 459 761 513; x_wconf 99' lang='lat' dir='ltr'>pice</span> <span class='ocrx_word' id='word_1_7' title='bbox 779 472 875 502; x_wconf 92' lang='lat' dir='ltr'>cum</span> <span class='ocrx_word' id='word_1_8' title='bbox 891 458 1011 502; x_wconf 92' lang='lat' dir='ltr'>molli</span> <span class='ocrx_word' id='word_1_9' title='bbox 1031 458 1194 502; x_wconf 84' lang='lat' dir='ltr'>nitrum</span> <span class='ocrx_word' id='word_1_10' title='bbox 1212 458 1477 512; x_wconf 88' lang='lat' dir='ltr'>sulphurque</span> <span class='ocrx_word' id='word_1_11' title='bbox 1499 461 1546 502; x_wconf 90' lang='lat' dir='ltr'>et</span> <span class='ocrx_word' id='word_1_12' title='bbox 1563 461 1736 502; x_wconf 86' lang='lat' dir='ltr'>acetum</span> 
     </span>
     <span class='ocr_line' id='line_1_3' title="bbox 552 529 1704 583; baseline 0 -11"><span class='ocrx_word' id='word_1_13' title='bbox 552 530 713 573; x_wconf 82' lang='lat' dir='ltr'>Sucida</span> <span class='ocrx_word' id='word_1_14' title='bbox 743 530 848 572; x_wconf 89' lang='lat' dir='ltr'>lana</span> <span class='ocrx_word' id='word_1_15' title='bbox 879 529 999 583; x_wconf 91' lang='lat' dir='ltr'>rapit</span> <span class='ocrx_word' id='word_1_16' title='bbox 1031 532 1241 572; x_wconf 88' lang='lat' dir='ltr'>contacta</span> <span class='ocrx_word' id='word_1_17' title='bbox 1273 529 1520 572; x_wconf 90' lang='lat' dir='ltr'>calentibus</span> <span class='ocrx_word' id='word_1_18' title='bbox 1551 529 1704 572; x_wconf 89' lang='lat' dir='ltr'>isdem.</span> 
     </span>
     <span class='ocr_line' id='line_1_4' title="bbox 407 600 1735 655; baseline 0.001 -12"><span class='ocrx_word' id='word_1_19' title='bbox 407 624 409 627; x_wconf 92' lang='lat'><em>-</em></span> <span class='ocrx_word' id='word_1_20' title='bbox 550 600 756 644; x_wconf 78' lang='lat' dir='ltr'>Proderit</span> <span class='ocrx_word' id='word_1_21' title='bbox 776 601 890 644; x_wconf 90' lang='lat' dir='ltr'>hanc</span> <span class='ocrx_word' id='word_1_22' title='bbox 913 600 1060 655; x_wconf 82' lang='lat' dir='ltr'>aegris</span> <span class='ocrx_word' id='word_1_23' title='bbox 1084 601 1236 644; x_wconf 89' lang='lat' dir='ltr'>crebro</span> <span class='ocrx_word' id='word_1_24' title='bbox 1259 600 1500 654; x_wconf 83' lang='lat' dir='ltr'>perducere</span> <span class='ocrx_word' id='word_1_25' title='bbox 1517 600 1735 644; x_wconf 89' lang='lat' dir='ltr'>membris.</span> 
     </span>
     <span class='ocr_line' id='line_1_5' title="bbox 236 672 647 727; baseline 0 -12"><span class='ocrx_word' id='word_1_26' title='bbox 236 672 291 716; x_wconf 84' lang='lat' dir='ltr'>cf.</span> <span class='ocrx_word' id='word_1_27' title='bbox 325 672 437 715; x_wconf 89' lang='lat' dir='ltr'>Plin.</span> <span class='ocrx_word' id='word_1_28' title='bbox 472 675 542 727; x_wconf 80' lang='lat'>29,</span> <span class='ocrx_word' id='word_1_29' title='bbox 578 675 647 715; x_wconf 80' lang='lat'>32.</span> 
     </span>
     <span class='ocr_line' id='line_1_6' title="bbox 355 743 1739 798; baseline 0 -12"><span class='ocrx_word' id='word_1_30' title='bbox 355 743 571 797; x_wconf 78' lang='lat' dir='ltr'>Suspecta</span> <span class='ocrx_word' id='word_1_31' title='bbox 603 746 672 786; x_wconf 88' lang='lat' dir='ltr'>est</span> <span class='ocrx_word' id='word_1_32' title='bbox 702 757 788 787; x_wconf 84' lang='lat' dir='ltr'>vox</span> <span class='ocrx_word' id='word_1_33' title='bbox 823 743 1071 786; x_wconf 89' lang='lat' dir='ltr'>Medicinae</span> <span class='ocrx_word' id='word_1_34' title='bbox 1097 744 1163 786; x_wconf 92' lang='lat' dir='ltr'>Pl.</span> <span class='ocrx_word' id='word_1_35' title='bbox 1200 743 1381 798; x_wconf 87' lang='lat' dir='ltr'>‚attico‘.</span> <span class='ocrx_word' id='word_1_36' title='bbox 1430 743 1527 798; x_wconf 84' lang='lat' dir='ltr'>Ego</span> <span class='ocrx_word' id='word_1_37' title='bbox 1566 743 1739 796; x_wconf 87' lang='lat' dir='ltr'>quidem</span> 
     </span>
     <span class='ocr_line' id='line_1_7' title="bbox 236 814 1738 871; baseline -0.002 -11"><span class='ocrx_word' id='word_1_38' title='bbox 236 815 401 871; x_wconf 90' lang='lat' dir='ltr'>dubito,</span> <span class='ocrx_word' id='word_1_39' title='bbox 447 828 549 859; x_wconf 90' lang='lat' dir='ltr'>num</span> <span class='ocrx_word' id='word_1_40' title='bbox 588 814 799 871; x_wconf 88' lang='lat' dir='ltr'>,atticum‘</span> <span class='ocrx_word' id='word_1_41' title='bbox 838 815 1014 870; x_wconf 86' lang='lat' dir='ltr'>nitrum,</span> <span class='ocrx_word' id='word_1_42' title='bbox 1050 815 1171 859; x_wconf 87' lang='lat' dir='ltr'>cuius</span> <span class='ocrx_word' id='word_1_43' title='bbox 1213 814 1478 858; x_wconf 75' lang='lat' dir='ltr'>mentionem</span> <span class='ocrx_word' id='word_1_44' title='bbox 1519 814 1606 857; x_wconf 90' lang='lat' dir='ltr'>alio</span> <span class='ocrx_word' id='word_1_45' title='bbox 1644 815 1738 857; x_wconf 89' lang='lat' dir='ltr'>loco</span> 
     </span>
     <span class='ocr_line' id='line_1_8' title="bbox 234 886 1740 942; baseline -0.001 -11"><span class='ocrx_word' id='word_1_46' title='bbox 234 901 374 941; x_wconf 90' lang='lat' dir='ltr'>neque</span> <span class='ocrx_word' id='word_1_47' title='bbox 400 888 569 931; x_wconf 82' lang='lat' dir='ltr'>Plinius</span> <span class='ocrx_word' id='word_1_48' title='bbox 601 901 741 941; x_wconf 91' lang='lat' dir='ltr'>neque</span> <span class='ocrx_word' id='word_1_49' title='bbox 774 891 930 931; x_wconf 88' lang='lat' dir='ltr'>auctor</span> <span class='ocrx_word' id='word_1_50' title='bbox 959 887 1207 931; x_wconf 87' lang='lat' dir='ltr'>Medicinae</span> <span class='ocrx_word' id='word_1_51' title='bbox 1233 889 1298 931; x_wconf 90' lang='lat' dir='ltr'>Pl.</span> <span class='ocrx_word' id='word_1_52' title='bbox 1333 886 1518 942; x_wconf 86' lang='lat' dir='ltr'>faciunt,</span> <span class='ocrx_word' id='word_1_53' title='bbox 1552 901 1600 931; x_wconf 90' lang='lat' dir='ltr'>re</span> <span class='ocrx_word' id='word_1_54' title='bbox 1631 900 1740 931; x_wconf 87' lang='lat' dir='ltr'>vera</span> 
     </span>
     <span class='ocr_line' id='line_1_9' title="bbox 234 957 1741 1013; baseline -0.001 -11"><span class='ocrx_word' id='word_1_55' title='bbox 234 958 280 1002; x_wconf 92' lang='lat' dir='ltr'>in</span> <span class='ocrx_word' id='word_1_56' title='bbox 312 961 410 1002; x_wconf 91' lang='lat' dir='ltr'>arte</span> <span class='ocrx_word' id='word_1_57' title='bbox 442 957 614 1003; x_wconf 89' lang='lat' dir='ltr'>medica</span> <span class='ocrx_word' id='word_1_58' title='bbox 646 958 923 1002; x_wconf 88' lang='lat' dir='ltr'>adhibeatur.</span> <span class='ocrx_word' id='word_1_59' title='bbox 989 958 1158 1001; x_wconf 86' lang='lat' dir='ltr'>Plinius</span> <span class='ocrx_word' id='word_1_60' title='bbox 1200 961 1348 1001; x_wconf 88' lang='lat' dir='ltr'>autem</span> <span class='ocrx_word' id='word_1_61' title='bbox 1381 959 1584 1013; x_wconf 77' lang='lat' dir='ltr'>,acetum‘</span> <span class='ocrx_word' id='word_1_62' title='bbox 1623 958 1741 1000; x_wconf 90' lang='lat' dir='ltr'>inter</span> 
     </span>
     <span class='ocr_line' id='line_1_10' title="bbox 235 1029 1741 1084; baseline -0.001 -11"><span class='ocrx_word' id='word_1_63' title='bbox 235 1043 325 1084; x_wconf 89' lang='lat' dir='ltr'>eas,</span> <span class='ocrx_word' id='word_1_64' title='bbox 370 1044 393 1072; x_wconf 90' lang='lat' dir='ltr'>e</span> <span class='ocrx_word' id='word_1_65' title='bbox 435 1029 588 1083; x_wconf 91' lang='lat' dir='ltr'>quibus</span> <span class='ocrx_word' id='word_1_66' title='bbox 630 1030 971 1084; x_wconf 86' lang='lat' dir='ltr'>componendum</span> <span class='ocrx_word' id='word_1_67' title='bbox 1019 1033 1088 1073; x_wconf 89' lang='lat' dir='ltr'>est</span> <span class='ocrx_word' id='word_1_68' title='bbox 1134 1030 1387 1084; x_wconf 86' lang='lat' dir='ltr'>remedium,</span> <span class='ocrx_word' id='word_1_69' title='bbox 1433 1033 1586 1083; x_wconf 87' lang='lat' dir='ltr'>partes</span> <span class='ocrx_word' id='word_1_70' title='bbox 1631 1043 1741 1072; x_wconf 89' lang='lat' dir='ltr'>com-</span> 
     </span>
     <span class='ocr_line' id='line_1_11' title="bbox 234 1100 1741 1156; baseline -0.001 -11"><span class='ocrx_word' id='word_1_71' title='bbox 234 1104 461 1146; x_wconf 83' lang='lat' dir='ltr'>memorat.</span> <span class='ocrx_word' id='word_1_72' title='bbox 540 1101 710 1146; x_wconf 90' lang='lat' dir='ltr'>Deinde</span> <span class='ocrx_word' id='word_1_73' title='bbox 757 1102 994 1145; x_wconf 82' lang='lat' dir='ltr'>Marcellus</span> <span class='ocrx_word' id='word_1_74' title='bbox 1046 1102 1172 1155; x_wconf 86' lang='lat' dir='ltr'>Emp.</span> <span class='ocrx_word' id='word_1_75' title='bbox 1223 1105 1322 1156; x_wconf 78' lang='grc'>247,</span> <span class='ocrx_word' id='word_1_76' title='bbox 1376 1105 1427 1144; x_wconf 89' lang='lat'>16</span> <span class='ocrx_word' id='word_1_77' title='bbox 1482 1114 1577 1145; x_wconf 89' lang='grc'><strong>011111</strong></span> <span class='ocrx_word' id='word_1_78' title='bbox 1624 1100 1741 1143; x_wconf 92' lang='lat' dir='ltr'>Plini</span> 
     </span>
     <span class='ocr_line' id='line_1_12' title="bbox 235 1174 1515 1228; baseline 0 -12"><span class='ocrx_word' id='word_1_79' title='bbox 235 1174 382 1217; x_wconf 87' lang='lat' dir='ltr'>verbis</span> <span class='ocrx_word' id='word_1_80' title='bbox 414 1174 647 1217; x_wconf 87' lang='lat' dir='ltr'>consentit.</span> <span class='ocrx_word' id='word_1_81' title='bbox 711 1174 867 1226; x_wconf 88' lang='lat' dir='ltr'>Itaque</span> <span class='ocrx_word' id='word_1_82' title='bbox 899 1188 976 1227; x_wconf 89' lang='lat' dir='ltr'>pro</span> <span class='ocrx_word' id='word_1_83' title='bbox 1011 1174 1178 1228; x_wconf 90' lang='lat' dir='ltr'>,attico‘</span> <span class='ocrx_word' id='word_1_84' title='bbox 1212 1174 1310 1228; x_wconf 86' lang='lat' dir='ltr'>lego</span> <span class='ocrx_word' id='word_1_85' title='bbox 1345 1174 1515 1226; x_wconf 87' lang='lat' dir='ltr'>‚aceto‘.</span> 
     </span>
    </p>

    <p class='ocr_par' dir='ltr' id='par_1_3' title="bbox 236 1243 1741 1430">
     <span class='ocr_line' id='line_1_13' title="bbox 236 1243 1740 1299; baseline -0.001 -12"><span class='ocrx_word' id='word_1_86' title='bbox 236 1245 294 1288; x_wconf 89' lang='lat' dir='ltr'>M.</span> <span class='ocrx_word' id='word_1_87' title='bbox 326 1244 392 1287; x_wconf 92' lang='lat' dir='ltr'>Pl.</span> <span class='ocrx_word' id='word_1_88' title='bbox 436 1247 506 1299; x_wconf 86' lang='lat'>58,</span> <span class='ocrx_word' id='word_1_89' title='bbox 547 1248 590 1287; x_wconf 91' lang='lat'>9:</span> <span class='ocrx_word' id='word_1_90' title='bbox 636 1244 765 1287; x_wconf 87' lang='lat' dir='ltr'>radix</span> <span class='ocrx_word' id='word_1_91' title='bbox 808 1243 1010 1287; x_wconf 87' lang='lat' dir='ltr'>similiter</span> <span class='ocrx_word' id='word_1_92' title='bbox 1052 1243 1263 1299; x_wconf 87' lang='lat' dir='ltr'>asparagi</span> <span class='ocrx_word' id='word_1_93' title='bbox 1307 1244 1417 1287; x_wconf 89' lang='lat' dir='ltr'>trita</span> <span class='ocrx_word' id='word_1_94' title='bbox 1462 1247 1507 1286; x_wconf 92' lang='lat' dir='ltr'>et</span> <span class='ocrx_word' id='word_1_95' title='bbox 1550 1244 1596 1287; x_wconf 90' lang='lat' dir='ltr'>in</span> <span class='ocrx_word' id='word_1_96' title='bbox 1640 1244 1740 1287; x_wconf 85' lang='lat' dir='ltr'>vino</span> 
     </span>
     <span class='ocr_line' id='line_1_14' title="bbox 450 1315 1741 1370; baseline 0 -12"><span class='ocrx_word' id='word_1_97' title='bbox 450 1315 574 1369; x_wconf 91' lang='lat' dir='ltr'>potui</span> <span class='ocrx_word' id='word_1_98' title='bbox 611 1315 720 1358; x_wconf 90' lang='lat' dir='ltr'>data</span> <span class='ocrx_word' id='word_1_99' title='bbox 756 1315 997 1359; x_wconf 90' lang='lat' dir='ltr'>lumborum</span> <span class='ocrx_word' id='word_1_100' title='bbox 1036 1315 1176 1358; x_wconf 88' lang='lat' dir='ltr'>dolori</span> <span class='ocrx_word' id='word_1_101' title='bbox 1214 1315 1429 1370; x_wconf 87' lang='lat' dir='ltr'>medetur,</span> <span class='ocrx_word' id='word_1_102' title='bbox 1464 1316 1741 1369; x_wconf 86' lang='lat' dir='ltr'>cataplasma</span> 
     </span>
     <span class='ocr_line' id='line_1_15' title="bbox 451 1386 670 1430; baseline 0 -1"><span class='ocrx_word' id='word_1_103' title='bbox 451 1386 510 1429; x_wconf 90' lang='lat' dir='ltr'>ad</span> <span class='ocrx_word' id='word_1_104' title='bbox 541 1386 670 1430; x_wconf 89' lang='lat' dir='ltr'>idem.</span> 
     </span>
    </p>

    <p class='ocr_par' dir='ltr' id='par_1_4' title="bbox 237 1458 1681 1517">
     <span class='ocr_line' id='line_1_16' title="bbox 237 1458 1681 1517; baseline 0 -15"><span class='ocrx_word' id='word_1_105' title='bbox 237 1459 329 1503; x_wconf 86' lang='lat' dir='ltr'>Ser.</span> <span class='ocrx_word' id='word_1_106' title='bbox 353 1473 394 1503; x_wconf 90' lang='lat' dir='ltr'>v.</span> <span class='ocrx_word' id='word_1_107' title='bbox 419 1462 523 1502; x_wconf 90' lang='lat'>454:</span> <span class='ocrx_word' id='word_1_108' title='bbox 558 1459 649 1501; x_wconf 91' lang='lat' dir='ltr'>Aut</span> <span class='ocrx_word' id='word_1_109' title='bbox 681 1461 815 1512; x_wconf 89' lang='lat' dir='ltr'>caput</span> <span class='ocrx_word' id='word_1_110' title='bbox 847 1458 1057 1513; x_wconf 82' lang='lat' dir='ltr'>asparagi</span> <span class='ocrx_word' id='word_1_111' title='bbox 1089 1472 1185 1501; x_wconf 89' lang='lat' dir='ltr'>cum</span> <span class='ocrx_word' id='word_1_112' title='bbox 1218 1458 1319 1517; x_wconf 86' lang='lat' dir='ltr'>vino</span> <span class='ocrx_word' id='word_1_113' title='bbox 1354 1471 1472 1502; x_wconf 87' lang='lat' dir='ltr'>sume</span> <span class='ocrx_word' id='word_1_114' title='bbox 1506 1462 1681 1503; x_wconf 89' lang='lat' dir='ltr'>vetusto</span> 
     </span>
    </p>

    <p class='ocr_par' dir='ltr' id='par_1_5' title="bbox 560 1529 1698 1583">
     <span class='ocr_line' id='line_1_17' title="bbox 560 1529 1698 1583; baseline 0 -10"><span class='ocrx_word' id='word_1_115' title='bbox 560 1529 645 1573; x_wconf 86' lang='lat' dir='ltr'>Seu</span> <span class='ocrx_word' id='word_1_116' title='bbox 676 1529 818 1574; x_wconf 89' lang='lat' dir='ltr'>mavis</span> <span class='ocrx_word' id='word_1_117' title='bbox 851 1530 1042 1583; x_wconf 89' lang='lat' dir='ltr'>adpone:</span> <span class='ocrx_word' id='word_1_118' title='bbox 1077 1529 1229 1573; x_wconf 89' lang='lat' dir='ltr'>modus</span> <span class='ocrx_word' id='word_1_119' title='bbox 1263 1529 1468 1573; x_wconf 90' lang='lat' dir='ltr'>conducit</span> <span class='ocrx_word' id='word_1_120' title='bbox 1500 1533 1698 1583; x_wconf 87' lang='lat' dir='ltr'>uterque.</span> 
     </span>
    </p>

    <p class='ocr_par' dir='ltr' id='par_1_6' title="bbox 236 1600 1311 1655">
     <span class='ocr_line' id='line_1_18' title="bbox 236 1600 1311 1655; baseline 0.002 -13"><span class='ocrx_word' id='word_1_121' title='bbox 236 1600 292 1643; x_wconf 87' lang='lat' dir='ltr'>cf.</span> <span class='ocrx_word' id='word_1_122' title='bbox 326 1600 439 1643; x_wconf 91' lang='lat' dir='ltr'>Plin.</span> <span class='ocrx_word' id='word_1_123' title='bbox 474 1604 544 1655; x_wconf 81' lang='lat'>20,</span> <span class='ocrx_word' id='word_1_124' title='bbox 581 1604 678 1643; x_wconf 87' lang='grc'><strong>109.</strong></span> <span class='ocrx_word' id='word_1_125' title='bbox 714 1626 769 1630; x_wconf 91' lang='grc'>-</span> <span class='ocrx_word' id='word_1_126' title='bbox 801 1602 940 1643; x_wconf 90' lang='lat' dir='ltr'>Marc.</span> <span class='ocrx_word' id='word_1_127' title='bbox 973 1601 1100 1654; x_wconf 87' lang='lat' dir='ltr'>Emp.</span> <span class='ocrx_word' id='word_1_128' title='bbox 1135 1615 1176 1654; x_wconf 89' lang='lat' dir='ltr'>p.</span> <span class='ocrx_word' id='word_1_129' title='bbox 1214 1605 1311 1644; x_wconf 88' lang='lat'>173.</span> 
     </span>
    </p>

    <p class='ocr_par' dir='ltr' id='par_1_7' title="bbox 353 1670 1743 1797">
     <span class='ocr_line' id='line_1_19' title="bbox 353 1670 1030 1725; baseline 0 -12"><span class='ocrx_word' id='word_1_130' title='bbox 353 1670 501 1714; x_wconf 78' lang='lat' dir='ltr'>Diosc.</span> <span class='ocrx_word' id='word_1_131' title='bbox 533 1688 575 1712; x_wconf 87' lang='grc' dir='ltr'>π.</span> <span class='ocrx_word' id='word_1_132' title='bbox 608 1672 671 1713; x_wconf 80' lang='grc' dir='ltr'>ὑλ.</span> <span class='ocrx_word' id='word_1_133' title='bbox 705 1672 807 1725; x_wconf 84' lang='grc' dir='ltr'><strong>ιάτρ.</strong></span> <span class='ocrx_word' id='word_1_134' title='bbox 839 1671 897 1725; x_wconf 92' lang='grc' dir='ltr'>Π,</span> <span class='ocrx_word' id='word_1_135' title='bbox 935 1674 1030 1713; x_wconf 88' lang='grc'>151.</span> 
     </span>
     <span class='ocr_line' id='line_1_20' title="bbox 354 1742 1743 1797; baseline 0.001 -13"><span class='ocrx_word' id='word_1_136' title='bbox 354 1742 438 1785; x_wconf 85' lang='lat' dir='ltr'>Est</span> <span class='ocrx_word' id='word_1_137' title='bbox 479 1742 918 1786; x_wconf 88' lang='lat' dir='ltr'>animadvertendum</span> <span class='ocrx_word' id='word_1_138' title='bbox 956 1756 983 1784; x_wconf 95' lang='lat' dir='ltr'>a</span> <span class='ocrx_word' id='word_1_139' title='bbox 1015 1742 1179 1785; x_wconf 86' lang='lat' dir='ltr'>Sereno</span> <span class='ocrx_word' id='word_1_140' title='bbox 1223 1742 1433 1797; x_wconf 84' lang='lat' dir='ltr'>asparagi</span> <span class='ocrx_word' id='word_1_141' title='bbox 1476 1745 1623 1796; x_wconf 86' lang='lat' dir='ltr'>caput,</span> <span class='ocrx_word' id='word_1_142' title='bbox 1664 1743 1743 1785; x_wconf 91' lang='lat' dir='ltr'>sed</span> 
     </span>
    </p>
   </div>
   <div class='ocr_carea' id='block_1_3' title="bbox 162 1813 1743 1857">
    <p class='ocr_par' dir='ltr' id='par_1_8' title="bbox 162 1813 1743 1857">
     <span class='ocr_line' id='line_1_21' title="bbox 162 1813 1743 1857; baseline 0 -1"><span class='ocrx_word' id='word_1_143' title='bbox 162 1817 166 1819; x_wconf 67' lang='grc'><em>”</em></span> <span class='ocrx_word' id='word_1_144' title='bbox 236 1813 431 1857; x_wconf 90' lang='lat' dir='ltr'>eiusdem</span> <span class='ocrx_word' id='word_1_145' title='bbox 462 1813 656 1857; x_wconf 86' lang='lat' dir='ltr'>radicem</span> <span class='ocrx_word' id='word_1_146' title='bbox 691 1827 718 1856; x_wconf 92' lang='lat' dir='ltr'>a</span> <span class='ocrx_word' id='word_1_147' title='bbox 749 1813 891 1857; x_wconf 92' lang='lat' dir='ltr'>Plinio</span> <span class='ocrx_word' id='word_1_148' title='bbox 929 1817 975 1856; x_wconf 90' lang='lat' dir='ltr'>et</span> <span class='ocrx_word' id='word_1_149' title='bbox 1008 1817 1188 1857; x_wconf 88' lang='lat' dir='ltr'>auctore</span> <span class='ocrx_word' id='word_1_150' title='bbox 1221 1813 1470 1857; x_wconf 89' lang='lat' dir='ltr'>Medicinae</span> <span class='ocrx_word' id='word_1_151' title='bbox 1502 1814 1567 1857; x_wconf 94' lang='lat' dir='ltr'>Pl.</span> <span class='ocrx_word' id='word_1_152' title='bbox 1603 1814 1743 1857; x_wconf 88' lang='lat' dir='ltr'>allata</span> 
     </span>
    </p>
   </div>
   <div class='ocr_carea' id='block_1_4' title="bbox 210 1885 1743 2226">
    <p class='ocr_par' dir='ltr' id='par_1_9' title="bbox 210 1885 1743 2083">
     <span class='ocr_line' id='line_1_22' title="bbox 237 1885 1742 1941; baseline 0 -12"><span class='ocrx_word' id='word_1_153' title='bbox 237 1899 346 1930; x_wconf 92' lang='lat' dir='ltr'>esse.</span> <span class='ocrx_word' id='word_1_154' title='bbox 410 1885 626 1940; x_wconf 87' lang='lat' dir='ltr'>Equidem</span> <span class='ocrx_word' id='word_1_155' title='bbox 664 1889 770 1940; x_wconf 91' lang='lat' dir='ltr'>puto</span> <span class='ocrx_word' id='word_1_156' title='bbox 815 1885 1024 1929; x_wconf 83' lang='lat' dir='ltr'>Serenum</span> <span class='ocrx_word' id='word_1_157' title='bbox 1063 1885 1214 1929; x_wconf 87' lang='lat' dir='ltr'>eodem</span> <span class='ocrx_word' id='word_1_158' title='bbox 1252 1886 1379 1930; x_wconf 86' lang='lat' dir='ltr'>modo</span> <span class='ocrx_word' id='word_1_159' title='bbox 1420 1886 1580 1941; x_wconf 88' lang='lat' dir='ltr'>‚caput‘</span> <span class='ocrx_word' id='word_1_160' title='bbox 1623 1898 1742 1929; x_wconf 90' lang='lat' dir='ltr'>usur-</span> 
     </span>
     <span class='ocr_line' id='line_1_23' title="bbox 234 1956 1743 2012; baseline 0.001 -12"><span class='ocrx_word' id='word_1_161' title='bbox 234 1970 365 2011; x_wconf 89' lang='lat' dir='ltr'>passe</span> <span class='ocrx_word' id='word_1_162' title='bbox 402 1971 481 2011; x_wconf 89' lang='lat' dir='ltr'>pro</span> <span class='ocrx_word' id='word_1_163' title='bbox 525 1957 719 2012; x_wconf 83' lang='lat' dir='ltr'>,radice‘,</span> <span class='ocrx_word' id='word_1_164' title='bbox 763 1971 845 2010; x_wconf 89' lang='lat' dir='ltr'>quo</span> <span class='ocrx_word' id='word_1_165' title='bbox 889 1956 1027 2001; x_wconf 85' lang='lat' dir='ltr'>Cato¹</span> <span class='ocrx_word' id='word_1_166' title='bbox 1062 1961 1108 2001; x_wconf 92' lang='lat' dir='ltr'>et</span> <span class='ocrx_word' id='word_1_167' title='bbox 1149 1957 1418 2001; x_wconf 81' lang='lat' dir='ltr'>Columella²</span> <span class='ocrx_word' id='word_1_168' title='bbox 1458 1961 1503 2001; x_wconf 92' lang='lat' dir='ltr'>et</span> <span class='ocrx_word' id='word_1_169' title='bbox 1541 1958 1710 2001; x_wconf 92' lang='lat' dir='ltr'>Plinius</span> <span class='ocrx_word' id='word_1_170' title='bbox 1728 1958 1743 1981; x_wconf 79' lang='lat'><strong>3</strong></span> 
     </span>
     <span class='ocr_line' id='line_1_24' title="bbox 210 2027 1150 2083; baseline -0.001 -11"><span class='ocrx_word' id='word_1_171' title='bbox 210 2028 385 2083; x_wconf 16' lang='lat' dir='ltr'>*capita</span> <span class='ocrx_word' id='word_1_172' title='bbox 417 2028 522 2073; x_wconf 88' lang='lat' dir='ltr'>vitis</span> <span class='ocrx_word' id='word_1_173' title='bbox 555 2027 706 2071; x_wconf 92' lang='lat' dir='ltr'>dicunt</span> <span class='ocrx_word' id='word_1_174' title='bbox 737 2041 815 2083; x_wconf 93' lang='lat' dir='ltr'>pro</span> <span class='ocrx_word' id='word_1_175' title='bbox 847 2028 999 2071; x_wconf 86' lang='lat' dir='ltr'>radice</span> <span class='ocrx_word' id='word_1_176' title='bbox 1031 2029 1150 2072; x_wconf 89' lang='lat' dir='ltr'>vitis.</span> 
     </span>
    </p>

    <p class='ocr_par' dir='ltr' id='par_1_10' title="bbox 236 2100 1740 2226">
     <span class='ocr_line' id='line_1_25' title="bbox 353 2100 1740 2155; baseline 0 -12"><span class='ocrx_word' id='word_1_177' title='bbox 353 2101 480 2143; x_wconf 92' lang='lat' dir='ltr'>Nullo</span> <span class='ocrx_word' id='word_1_178' title='bbox 514 2103 660 2143; x_wconf 89' lang='lat' dir='ltr'>autem</span> <span class='ocrx_word' id='word_1_179' title='bbox 691 2100 817 2143; x_wconf 90' lang='lat' dir='ltr'>modo</span> <span class='ocrx_word' id='word_1_180' title='bbox 849 2100 993 2143; x_wconf 88' lang='lat' dir='ltr'>Roseo</span> <span class='ocrx_word' id='word_1_181' title='bbox 1027 2100 1235 2144; x_wconf 85' lang='lat' dir='ltr'>assentiri</span> <span class='ocrx_word' id='word_1_182' title='bbox 1256 2113 1446 2155; x_wconf 87' lang='lat' dir='ltr'>possum,</span> <span class='ocrx_word' id='word_1_183' title='bbox 1481 2114 1576 2144; x_wconf 91' lang='lat' dir='ltr'>cum</span> <span class='ocrx_word' id='word_1_184' title='bbox 1603 2102 1740 2145; x_wconf 84' lang='lat' dir='ltr'>verba</span> 
     </span>
     <span class='ocr_line' id='line_1_26' title="bbox 236 2170 1738 2226; baseline 0.001 -13"><span class='ocrx_word' id='word_1_185' title='bbox 236 2172 525 2226; x_wconf 89' lang='lat' dir='ltr'>,cataplasma</span> <span class='ocrx_word' id='word_1_186' title='bbox 558 2171 615 2213; x_wconf 91' lang='lat' dir='ltr'>ad</span> <span class='ocrx_word' id='word_1_187' title='bbox 651 2171 780 2214; x_wconf 88' lang='lat' dir='ltr'>idem‘</span> <span class='ocrx_word' id='word_1_188' title='bbox 820 2170 943 2213; x_wconf 89' lang='lat' dir='ltr'>uncis</span> <span class='ocrx_word' id='word_1_189' title='bbox 985 2171 1301 2214; x_wconf 85' lang='lat' dir='ltr'>circumcludit.</span> <span class='ocrx_word' id='word_1_190' title='bbox 1362 2172 1434 2214; x_wconf 89' lang='lat' dir='ltr'>Ad</span> <span class='ocrx_word' id='word_1_191' title='bbox 1466 2184 1519 2214; x_wconf 90' lang='lat' dir='ltr'>ea</span> <span class='ocrx_word' id='word_1_192' title='bbox 1551 2172 1738 2226; x_wconf 87' lang='lat' dir='ltr'>quidem,</span> 
     </span>
    </p>
   </div>
   <div class='ocr_carea' id='block_1_5' title="bbox 151 2241 1739 2297">
    <p class='ocr_par' dir='ltr' id='par_1_11' title="bbox 151 2241 1739 2297">
     <span class='ocr_line' id='line_1_27' title="bbox 151 2241 1739 2297; baseline -0.003 -8"><span class='ocrx_word' id='word_1_193' title='bbox 151 2286 155 2289; x_wconf 86' lang='lat'>.</span> <span class='ocrx_word' id='word_1_194' title='bbox 236 2255 347 2297; x_wconf 90' lang='lat' dir='ltr'>quae</span> <span class='ocrx_word' id='word_1_195' title='bbox 380 2241 662 2297; x_wconf 83' lang='lat' dir='ltr'>antecedunt,</span> <span class='ocrx_word' id='word_1_196' title='bbox 695 2254 743 2285; x_wconf 89' lang='lat' dir='ltr'>re</span> <span class='ocrx_word' id='word_1_197' title='bbox 769 2254 876 2286; x_wconf 89' lang='lat' dir='ltr'>vera</span> <span class='ocrx_word' id='word_1_198' title='bbox 908 2241 986 2285; x_wconf 92' lang='lat' dir='ltr'>illa</span> <span class='ocrx_word' id='word_1_199' title='bbox 1014 2242 1152 2286; x_wconf 89' lang='lat' dir='ltr'>verba</span> <span class='ocrx_word' id='word_1_200' title='bbox 1184 2241 1423 2296; x_wconf 86' lang='lat' dir='ltr'>pertinent.</span> <span class='ocrx_word' id='word_1_201' title='bbox 1472 2243 1602 2286; x_wconf 92' lang='lat' dir='ltr'>Hanc</span> <span class='ocrx_word' id='word_1_202' title='bbox 1626 2242 1739 2286; x_wconf 90' lang='lat' dir='ltr'>enim</span> 
     </span>
    </p>
   </div>
   <div class='ocr_carea' id='block_1_6' title="bbox 233 2314 1738 2801">
    <p class='ocr_par' dir='ltr' id='par_1_12' title="bbox 233 2314 1738 2587">
     <span class='ocr_line' id='line_1_28' title="bbox 236 2314 1738 2368; baseline -0.001 -10"><span class='ocrx_word' id='word_1_203' title='bbox 236 2314 590 2368; x_wconf 89' lang='lat' dir='ltr'>compositionem</span> <span class='ocrx_word' id='word_1_204' title='bbox 616 2315 674 2356; x_wconf 89' lang='lat' dir='ltr'>ad</span> <span class='ocrx_word' id='word_1_205' title='bbox 706 2315 947 2357; x_wconf 88' lang='lat' dir='ltr'>lumborum</span> <span class='ocrx_word' id='word_1_206' title='bbox 979 2315 1171 2357; x_wconf 85' lang='lat' dir='ltr'>dolorem</span> <span class='ocrx_word' id='word_1_207' title='bbox 1204 2316 1450 2357; x_wconf 90' lang='lat' dir='ltr'>sanandum</span> <span class='ocrx_word' id='word_1_208' title='bbox 1483 2329 1569 2358; x_wconf 92' lang='lat' dir='ltr'>non</span> <span class='ocrx_word' id='word_1_209' title='bbox 1602 2315 1738 2358; x_wconf 88' lang='lat' dir='ltr'>solum</span> 
     </span>
     <span class='ocr_line' id='line_1_29' title="bbox 234 2386 1738 2443; baseline -0.002 -11"><span class='ocrx_word' id='word_1_210' title='bbox 234 2387 357 2443; x_wconf 91' lang='lat' dir='ltr'>potui</span> <span class='ocrx_word' id='word_1_211' title='bbox 398 2386 508 2442; x_wconf 89' lang='lat' dir='ltr'>dari,</span> <span class='ocrx_word' id='word_1_212' title='bbox 552 2386 629 2430; x_wconf 92' lang='lat' dir='ltr'>sed</span> <span class='ocrx_word' id='word_1_213' title='bbox 669 2386 804 2430; x_wconf 90' lang='lat' dir='ltr'>etiam</span> <span class='ocrx_word' id='word_1_214' title='bbox 845 2386 988 2430; x_wconf 92' lang='lat' dir='ltr'>cerati</span> <span class='ocrx_word' id='word_1_215' title='bbox 1030 2387 1156 2431; x_wconf 87' lang='lat' dir='ltr'>modo</span> <span class='ocrx_word' id='word_1_216' title='bbox 1203 2387 1366 2442; x_wconf 89' lang='lat' dir='ltr'>adponi</span> <span class='ocrx_word' id='word_1_217' title='bbox 1409 2400 1539 2442; x_wconf 90' lang='lat' dir='ltr'>posse</span> <span class='ocrx_word' id='word_1_218' title='bbox 1584 2391 1738 2431; x_wconf 89' lang='lat' dir='ltr'>auctor</span> 
     </span>
     <span class='ocr_line' id='line_1_30' title="bbox 235 2459 1737 2516; baseline 0.001 -14"><span class='ocrx_word' id='word_1_219' title='bbox 235 2460 343 2503; x_wconf 87' lang='lat' dir='ltr'>dicit</span> <span class='ocrx_word' id='word_1_220' title='bbox 380 2486 426 2490; x_wconf 82' lang='lat'>—</span> <span class='ocrx_word' id='word_1_221' title='bbox 462 2460 507 2502; x_wconf 93' lang='lat' dir='ltr'>id</span> <span class='ocrx_word' id='word_1_222' title='bbox 549 2460 663 2512; x_wconf 90' lang='lat' dir='ltr'>quod</span> <span class='ocrx_word' id='word_1_223' title='bbox 702 2462 837 2513; x_wconf 76' lang='lat' dir='ltr'>poeta</span> <span class='ocrx_word' id='word_1_224' title='bbox 879 2459 1000 2503; x_wconf 88' lang='lat' dir='ltr'>canit</span> <span class='ocrx_word' id='word_1_225' title='bbox 1040 2459 1085 2502; x_wconf 92' lang='lat' dir='ltr'>in</span> <span class='ocrx_word' id='word_1_226' title='bbox 1126 2474 1165 2504; x_wconf 89' lang='lat' dir='ltr'>v.</span> <span class='ocrx_word' id='word_1_227' title='bbox 1211 2464 1311 2503; x_wconf 83' lang='lat'>455.</span> <span class='ocrx_word' id='word_1_228' title='bbox 1387 2459 1525 2516; x_wconf 84' lang='lat' dir='ltr'>(Sane</span> <span class='ocrx_word' id='word_1_229' title='bbox 1570 2460 1737 2504; x_wconf 91' lang='lat' dir='ltr'>Plinius</span> 
     </span>
     <span class='ocr_line' id='line_1_31' title="bbox 233 2529 702 2587; baseline -0.004 -12"><span class='ocrx_word' id='word_1_230' title='bbox 233 2534 357 2575; x_wconf 90' lang='lat' dir='ltr'>tacet</span> <span class='ocrx_word' id='word_1_231' title='bbox 389 2531 443 2574; x_wconf 91' lang='lat' dir='ltr'>de</span> <span class='ocrx_word' id='word_1_232' title='bbox 474 2531 556 2574; x_wconf 91' lang='lat' dir='ltr'>hoc</span> <span class='ocrx_word' id='word_1_233' title='bbox 587 2529 702 2587; x_wconf 88' lang='lat' dir='ltr'>usu.)</span> 
     </span>
    </p>

    <p class='ocr_par' dir='ltr' id='par_1_13' title="bbox 233 2602 1572 2658">
     <span class='ocr_line' id='line_1_32' title="bbox 233 2602 1572 2658; baseline -0.001 -11"><span class='ocrx_word' id='word_1_234' title='bbox 233 2605 290 2647; x_wconf 95' lang='lat' dir='ltr'>M.</span> <span class='ocrx_word' id='word_1_235' title='bbox 323 2604 389 2647; x_wconf 91' lang='lat' dir='ltr'>Pl.</span> <span class='ocrx_word' id='word_1_236' title='bbox 425 2607 494 2658; x_wconf 85' lang='lat'>58,</span> <span class='ocrx_word' id='word_1_237' title='bbox 531 2606 603 2646; x_wconf 89' lang='lat'>16:</span> <span class='ocrx_word' id='word_1_238' title='bbox 639 2603 818 2656; x_wconf 90' lang='lat' dir='ltr'>sulphur</span> <span class='ocrx_word' id='word_1_239' title='bbox 850 2602 996 2647; x_wconf 88' lang='lat' dir='ltr'>vivum</span> <span class='ocrx_word' id='word_1_240' title='bbox 1029 2602 1268 2657; x_wconf 88' lang='lat' dir='ltr'>imponitur</span> <span class='ocrx_word' id='word_1_241' title='bbox 1300 2617 1395 2646; x_wconf 88' lang='lat' dir='ltr'>cum</span> <span class='ocrx_word' id='word_1_242' title='bbox 1429 2603 1572 2658; x_wconf 88' lang='lat' dir='ltr'>adipe.</span> 
     </span>
    </p>

    <p class='ocr_par' dir='ltr' id='par_1_14' title="bbox 233 2673 1732 2801">
     <span class='ocr_line' id='line_1_33' title="bbox 233 2673 1732 2729; baseline -0.001 -11"><span class='ocrx_word' id='word_1_243' title='bbox 233 2675 324 2719; x_wconf 88' lang='lat' dir='ltr'>Ser.</span> <span class='ocrx_word' id='word_1_244' title='bbox 348 2689 389 2720; x_wconf 89' lang='lat' dir='ltr'>v.</span> <span class='ocrx_word' id='word_1_245' title='bbox 413 2678 517 2718; x_wconf 89' lang='lat'>456:</span> <span class='ocrx_word' id='word_1_246' title='bbox 551 2674 643 2717; x_wconf 87' lang='lat' dir='ltr'>Aut</span> <span class='ocrx_word' id='word_1_247' title='bbox 680 2673 810 2728; x_wconf 86' lang='lat' dir='ltr'>adipe</span> <span class='ocrx_word' id='word_1_248' title='bbox 848 2674 1078 2717; x_wconf 83' lang='lat' dir='ltr'>inmixtum</span> <span class='ocrx_word' id='word_1_249' title='bbox 1115 2674 1272 2718; x_wconf 91' lang='lat' dir='ltr'>lumbis</span> <span class='ocrx_word' id='word_1_250' title='bbox 1312 2674 1508 2718; x_wconf 88' lang='lat' dir='ltr'>inducito</span> <span class='ocrx_word' id='word_1_251' title='bbox 1541 2675 1732 2729; x_wconf 88' lang='lat' dir='ltr'>sulphur.</span> 
     </span>
     <span class='ocr_line' id='line_1_34' title="bbox 233 2746 673 2801; baseline -0.005 -11"><span class='ocrx_word' id='word_1_252' title='bbox 233 2746 290 2791; x_wconf 87' lang='lat' dir='ltr'>cf.</span> <span class='ocrx_word' id='word_1_253' title='bbox 323 2746 435 2790; x_wconf 91' lang='lat' dir='ltr'>Plin.</span> <span class='ocrx_word' id='word_1_254' title='bbox 471 2749 539 2801; x_wconf 87' lang='lat'>35,</span> <span class='ocrx_word' id='word_1_255' title='bbox 577 2749 673 2789; x_wconf 90' lang='lat'>176.</span> 
     </span>
    </p>
   </div>
   <div class='ocr_carea' id='block_1_7' title="bbox 319 2821 496 2824">
    <p class='ocr_par' dir='ltr' id='par_1_15' title="bbox 319 2821 496 2824">
     <span class='ocr_line' id='line_1_35' title="bbox 319 2821 496 2824; baseline 0 0"><span class='ocrx_word' id='word_1_256' title='bbox 319 2821 496 2824; x_wconf 95' lang='lat' dir='ltr'> </span> 
     </span>
    </p>
   </div>
   <div class='ocr_carea' id='block_1_8' title="bbox 351 2853 612 3016">
    <p class='ocr_par' dir='ltr' id='par_1_16' title="bbox 351 2853 612 3016">
     <span class='ocr_line' id='line_1_36' title="bbox 354 2853 612 2888; baseline -0.012 1"><span class='ocrx_word' id='word_1_257' title='bbox 354 2854 362 2872; x_wconf 91' lang='lat'>¹</span> <span class='ocrx_word' id='word_1_258' title='bbox 391 2864 419 2888; x_wconf 91' lang='lat' dir='ltr'>r.</span> <span class='ocrx_word' id='word_1_259' title='bbox 445 2864 474 2888; x_wconf 84' lang='lat' dir='ltr'>r.</span> <span class='ocrx_word' id='word_1_260' title='bbox 500 2864 530 2887; x_wconf 89' lang='grc'><strong>0.</strong></span> <span class='ocrx_word' id='word_1_261' title='bbox 556 2853 612 2887; x_wconf 86' lang='lat'>33.</span> 
     </span>
     <span class='ocr_line' id='line_1_37' title="bbox 351 2912 596 2948; baseline -0.008 0"><span class='ocrx_word' id='word_1_262' title='bbox 351 2912 365 2933; x_wconf 80' lang='lat'>²</span> <span class='ocrx_word' id='word_1_263' title='bbox 389 2912 457 2948; x_wconf 92' lang='lat' dir='ltr'>III.</span> <span class='ocrx_word' id='word_1_264' title='bbox 483 2923 513 2948; x_wconf 90' lang='grc'><strong>0.</strong></span> <span class='ocrx_word' id='word_1_265' title='bbox 541 2912 596 2947; x_wconf 89' lang='grc'>10.</span> 
     </span>
     <span class='ocr_line' id='line_1_38' title="bbox 351 2972 553 3016; baseline 0.005 -9"><span class='ocrx_word' id='word_1_266' title='bbox 351 2972 366 2994; x_wconf 80' lang='lat'><strong>³</strong></span> <span class='ocrx_word' id='word_1_267' title='bbox 392 2974 446 3016; x_wconf 88' lang='lat'>17,</span> <span class='ocrx_word' id='word_1_268' title='bbox 473 2973 553 3008; x_wconf 80' lang='lat'>204.</span> 
     </span>
    </p>
   </div>
  </div>
 </body>
</html>
