1947 3391
1651 300 1710 346 13

427 438 592 494 volunt,
626 442 850 493 tamquam
877 453 1013 483 annos
1036 439 1281 484 detracturi
1307 440 1396 484 sint
1427 442 1508 483 hoc
1540 439 1712 483 nomine

428 510 583 565 aetati,
630 511 842 556 vermium
885 514 1158 556 terrenorum
1203 512 1392 556 cinerem
1430 511 1627 555 adiciant
1667 511 1712 554 in

427 581 535 636 oleo,
569 595 651 635 quo
683 585 817 637 caput
847 586 1137 638 perunguant.

211 652 302 696 Ser.
341 667 382 697 v.
431 656 507 695 43:
557 653 673 708 Quos
689 654 826 708 pudet
843 654 1008 697 aetatis
1023 655 1196 709 longae,
1216 668 1322 707 quos
1336 658 1493 698 sancta
1507 658 1711 698 senectus

558 723 763 779 Offendit,
797 725 976 778 cupiunt
1006 738 1215 779 properos
1248 726 1517 768 abscondere
1549 738 1682 768 canos

556 794 618 838 Et
648 794 819 851 nigrum
852 794 1014 839 crinem
1047 794 1147 839 fuco
1180 795 1385 839 simulare
1418 796 1566 839 doloso

554 867 638 910 His
668 867 851 921 prodest
892 901 1707 911 ...................

444 1012 519 1051 48;
554 1009 777 1052 Lumbrici
808 1021 977 1062 quoque
1008 1012 1246 1052 terrestres
1277 1010 1519 1053 miscentur
1550 1010 1664 1053 olivo

553 1080 615 1122 Et
639 1080 840 1124 iuvenem
860 1082 1095 1134 praestant
1119 1080 1317 1124 redivivo
1349 1080 1456 1123 flore
1489 1080 1707 1135 capillum.

328 1150 530 1207 Serenus,
588 1165 683 1195 cum
742 1151 956 1196 scriberet
1016 1152 1281 1206 prooemium
1343 1151 1470 1196 huius
1532 1152 1707 1208 capitis,

208 1222 455 1277 respexisse
480 1223 657 1267 videtur
677 1224 807 1266 finem
839 1223 999 1277 capitis
1020 1224 1073 1266 V.
1097 1223 1345 1266 Medicinae
1366 1224 1432 1266 Pl.
1459 1224 1531 1267 vel
1562 1224 1709 1278 potius

207 1295 472 1338 verbotenus
518 1294 564 1338 in
611 1294 854 1338 orationem
899 1294 1119 1349 poeticam
1166 1294 1452 1348 tiansposuit.
1517 1295 1587 1337 Ex
1633 1295 1707 1338 illo

206 1365 342 1420 igitur
385 1366 531 1421 capite
563 1379 716 1410 versus
764 1379 931 1420 quoque
975 1370 1031 1443 46
1077 1369 1123 1409 et
1166 1366 1296 1422 48s49
1340 1366 1442 1419 quin
1487 1366 1572 1409 orti
1605 1366 1707 1421 sint,

207 1437 383 1481 dubium
416 1450 512 1481 esse
543 1438 714 1491 nequit:

205 1509 263 1551 M.
296 1509 362 1552 Pl.
399 1513 466 1564 16,
503 1513 575 1552 14:
609 1509 738 1552 Folia
783 1509 978 1562 cupressi
1018 1509 1128 1551 trita
1162 1522 1215 1551 ex
1248 1512 1377 1551 aceto
1411 1508 1625 1563 efficiunt,
1659 1513 1708 1552 ut

420 1579 568 1634 capilli
598 1579 714 1635 nigri
745 1584 1050 1623 renascantur.
1089 1612 1093 1615 »

205 1651 298 1694 Ser.
331 1665 372 1695 v.
406 1654 481 1694 46:
515 1651 598 1694 His
630 1651 811 1705 prodest
843 1651 936 1695 acri
969 1651 1161 1695 contrita
1194 1664 1426 1707 cupressus
1459 1657 1601 1725 aceto,

203 1721 258 1765 cf
292 1721 508 1777 Plin.24,
546 1726 618 1765 15:
651 1722 799 1765 Diosc.
831 1739 874 1765 π.
908 1723 971 1764 ὑλ.
1005 1724 1108 1777 ἰατρ.
1141 1723 1176 1776 Ι,
1214 1726 1311 1765 102.

321 1793 535 1837 Fortasse
572 1807 658 1838 vox
697 1793 944 1837 Medicinae
976 1794 1041 1837 Pl.
1086 1794 1403 1849 *renascantur
1443 1806 1617 1838 versum
1649 1798 1705 1837 49

204 1865 358 1909 Sereni
391 1866 553 1909 elicuit.

886 1938 931 1981 G.
964 1938 1017 1981 V.

321 2009 389 2052 De
421 2023 462 2053 v.
498 2014 552 2052 68
586 2009 642 2053 cf.
676 2024 717 2063 p.
755 2013 821 2053 12.

203 2081 260 2123 Μ.
294 2081 359 2123 Pl.
397 2085 464 2135 13,
497 2084 544 2124 4:
577 2081 730 2125 lendes
771 2084 816 2124 et
859 2081 948 2124 alia
982 2081 1141 2135 capitis
1182 2084 1303 2124 tetra
1336 2081 1558 2136 animalia,
1594 2094 1704 2135 quae

417 2154 590 2207 nocent,
624 2152 787 2195 lotione
820 2164 962 2205 aquae
993 2152 1192 2195 marinae
1223 2155 1452 2195 necantur.

204 2222 296 2266 Ser.
329 2236 369 2267 v.
406 2227 479 2265 69:
512 2223 643 2266 Unda
674 2222 808 2266 maris
839 2223 992 2266 lendes
1024 2223 1161 2277 capiti
1193 2223 1382 2266 deducet
1412 2223 1585 2277 iniquas

314 2319 316 2321 ·
512 2295 573 2338 Et
606 2294 809 2349 quicquid
841 2294 983 2338 crebri
1016 2294 1216 2338 defendit
1248 2294 1360 2339 silva
1392 2294 1553 2349 capilli.

204 2366 261 2409 cf.
287 2366 387 2409 Plin
411 2370 480 2420 31,
505 2370 580 2420 65;
607 2367 753 2410 Diosc.
771 2384 813 2408 π.
840 2367 901 2408 ὑλ.
924 2368 1028 2421 ἶατρ.
1046 2367 1100 2421 V,
1122 2371 1188 2409 19.
1211 2383 1253 2408 π.
1271 2367 1361 2408 εὐπ.
1388 2383 1526 2421 φαρμ.
1549 2367 1583 2421 Ι,
1605 2371 1701 2410 107.

323 2437 448 2493 Quod
478 2450 632 2482 versus
675 2441 729 2481 35
772 2436 874 2491 eqs.>
895 2451 920 2481 e
952 2438 1141 2481 secundo
1179 2437 1325 2491 capite
1357 2437 1604 2481 Medicinae
1636 2439 1701 2481 Pl.

203 2510 365 2564 sumpti
396 2513 511 2564 sunt,
537 2510 616 2553 hos
648 2523 816 2563 quoque
844 2522 998 2554 versus
1031 2522 1085 2552 ex
1117 2509 1268 2552 eodem
1301 2508 1447 2563 capite
1478 2508 1703 2563 profectos

205 2594 301 2626 esse
349 2585 482 2636 atque
529 2581 805 2626 enuntiatum
847 2581 1081 2626 relativum
1128 2580 1402 2624 indefinitum
1444 2593 1598 2625 versus
1649 2585 1702 2624 70

202 2655 337 2699 verbo
372 2654 488 2709 ,aIia‘
523 2653 771 2698 Medicinae
802 2654 867 2697 Pl.
902 2653 1027 2707 quasi
1065 2653 1256 2696 elicitum
1294 2666 1391 2696 esse
1426 2652 1700 2696 crediderim.

204 2725 321 2769 Sane
353 2725 524 2779 quidem
552 2738 639 2770 vox
670 2726 786 2780 ,alia‘
813 2738 892 2779 per
921 2738 967 2768 se
999 2725 1081 2768 tibi
1101 2725 1232 2769 valde
1265 2724 1526 2778 displicebit.
1590 2725 1702 2767 Nam

202 2797 356 2841 lendes
386 2810 473 2841 non
505 2800 607 2841 sunt
638 2796 859 2852 animalia,
894 2797 971 2840 sed
1009 2796 1205 2840 cimicum
1237 2808 1334 2841 ova.
1397 2795 1502 2839 Ideo
1534 2795 1702 2839 Plinius

203 2869 375 2913 melius:
417 2870 582 2925 ,lendes
623 2882 791 2923 quoque
833 2872 878 2912 et
915 2872 1064 2912 taetra
1106 2867 1314 2911 animalia
1352 2867 1539 2923 capitis‘.
1619 2866 1703 2923 Qui

205 2940 347 2984 obiter
377 2946 607 2995 utrumque
648 2944 870 2985 auctorem
902 2940 1075 2996 legerit,
1118 2954 1171 2983 ex
1202 2941 1284 2983 hoc
1314 2940 1409 2983 loco
1442 2940 1702 2982 concludere
