1947 3391
225 281 291 326 46
1562 276 1665 317 1*

935 934 1031 989 III.

349 1111 563 1166 Quoniam
601 1110 881 1165 probavimus
915 1110 1069 1153 Sereni
1111 1123 1288 1153 carmen
1331 1123 1380 1153 re
1419 1123 1526 1154 vera
1558 1123 1644 1154 non
1683 1111 1738 1153 ab

226 1182 414 1225 historia
440 1182 634 1225 naturali
650 1181 797 1236 Plinii,
838 1181 916 1224 sed
949 1182 1004 1224 ab
1028 1184 1209 1224 auctore
1227 1180 1474 1224 Medicinae
1506 1180 1738 1224 Plinianae

226 1253 436 1308 pendere,
484 1266 597 1296 nunc
645 1256 819 1296 ceteros
865 1253 985 1295 locos
1034 1252 1325 1306 conferamus,
1384 1265 1491 1305 quos
1535 1252 1738 1306 Serenus,

228 1337 324 1367 cum
367 1337 394 1367 a
431 1324 595 1367 nostris
626 1323 876 1366 Medicinae
910 1323 1427 1378 exemplaribus‘absint,
1462 1323 1506 1366 in
1546 1323 1740 1367 editione

228 1396 394 1438 maiore
426 1396 674 1439 Medicinae
707 1396 773 1438 Pl.
806 1395 969 1449 legisse
1002 1395 1191 1439 videtur.

929 1550 973 1592 G.
1008 1550 1041 1592 I.

227 1633 340 1675 Plin.
377 1636 446 1687 24,
485 1637 589 1675 181:
626 1633 740 1686 quod
789 1646 812 1675 e
845 1632 1090 1687 graminum
1112 1645 1275 1688 genere
1299 1636 1467 1687 septem
1489 1630 1740 1677 internodia

444 1705 580 1747 habet
601 1704 902 1748 efficacissime
925 1704 1061 1758 capiti
1085 1707 1239 1748 contra
1260 1704 1433 1747 dolores
1455 1704 1738 1760 adalligatur.

229 1788 323 1830 Ser.
357 1802 397 1831 v.
436 1792 511 1831 13:
546 1790 618 1832 vel
651 1802 762 1841 quae
796 1789 992 1842 septenis
1025 1793 1261 1831 censentur
1291 1788 1493 1843 gramina
1524 1789 1650 1832 nodis

546 1859 729 1903 Utiliter
760 1862 913 1902 nectes
948 1893 1133 1901 .....

228 1966 341 2009 Ρ1111.
378 1970 447 2020 29,
485 1970 588 2009 112:
624 1966 794 2020 Capitis
828 1966 1050 2009 doloribus
1082 1967 1276 2010 remedio
1309 1971 1411 2009 sunt
1434 1967 1738 2011 coclearum..

449 2072 456 2080 .
480 2072 487 2079 .
510 2071 518 2079 .
541 2051 653 2091 quae
686 2037 989 2093 adalligantur
1022 2041 1067 2081 et
1090 2037 1287 2081 minutae
1314 2037 1464 2093 fronti,
1499 2037 1742 2082 inlinuntur

446 2109 583 2153 tritae
618 2145 626 2152 .
662 2144 671 2153 .
708 2144 715 2152 .
753 2145 760 2152 .

228 2195 321 2238 Ser.
356 2208 397 2238 v.
433 2199 510 2237 21:
545 2195 714 2248 profuit
748 2199 793 2238 et
827 2195 987 2238 cocleis
1022 2195 1214 2238 frontem
1247 2198 1446 2239 tractare
1479 2195 1671 2239 minutis.

906 2349 950 2392 O.
985 2349 1066 2392 ΠΙ.

227 2433 340 2476 Ρ1111.
377 2437 447 2487 20,
483 2436 591 2475 224:
629 2467 636 2475 .
689 2466 698 2474 .
747 2432 941 2488 (malvae
995 2432 1076 2489 sc.)
1125 2432 1252 2475 radix
1309 2433 1493 2476 decocta
1546 2432 1741 2476 furfures

447 2503 606 2558 capitis
642 2538 649 2545 .
688 2538 696 2545 .
732 2538 740 2545 .
778 2537 785 2544 .

229 2588 322 2631 Ser.
356 2601 398 2632 v.
434 2591 511 2630 34:
546 2588 675 2630 Hanc
707 2587 873 2640 poterit
905 2587 1078 2631 malvae
1110 2587 1238 2630 radix
1271 2587 1455 2631 decocta
1485 2587 1650 2631 levare.

230 2659 286 2703 Cf.
320 2659 467 2702 Diosc.
502 2675 543 2700 π.
577 2659 641 2701 ὑλ.
675 2660 780 2714 ἰατρ.
814 2659 871 2713 II,
909 2662 1006 2701 144.

230 2767 342 2809 Plin.
379 2770 448 2820 32,
485 2770 558 2809 35:
595 2765 854 2822 (testudinis
888 2765 969 2822 sc.)
992 2766 1206 2821 sanguine
1229 2766 1526 2820 alopeciarum
1547 2765 1743 2810 inanitas

448 2841 494 2881 et
526 2837 703 2893 porrigo
737 2837 967 2891 omniaque
1001 2837 1159 2892 capitis
1193 2838 1341 2881 ulcera
1374 2841 1596 2881 curantur.

231 2922 324 2963 Ser.
360 2935 399 2964 v.
436 2926 513 2963 39:
550 2921 739 2963 Prodest
785 2929 828 2963 et
877 2921 1008 2962 tarda
1048 2921 1251 2974 demptus
1292 2921 1515 2969 testudine
1548 2923 1739 2976 sanguis.
