1947 3391
1650 304 1712 348 55

430 436 631 490 quoniam
681 437 840 482 vesicis
889 439 1131 493 medentur,
1184 441 1372 484 calculos
1418 446 1624 496 rumpunt
1671 442 1715 484 in

428 508 529 552 vino
562 509 668 562 poti.
987 510 989 513 ’

216 590 308 634 Ser.
332 605 373 635 v.
399 595 505 634 595:
541 591 824 647 Saxifragam
856 606 932 635 seu
965 593 1197 648 spongiten
1230 608 1481 639 succurrere
1515 597 1713 639 credunt.
1777 650 1780 653 y

215 698 327 741 Plin.
362 703 432 752 23,
470 703 571 741 166:
606 698 685 755 (sc.
720 699 873 755 myrti)
907 712 1054 742 semen
1087 713 1182 743 cum
1210 701 1310 745 vino
1343 706 1491 756 potum
1518 707 1595 746 aut
1618 704 1712 746 oleo

432 772 477 812 et
509 772 636 813 aceto
669 770 860 813 calculos
893 770 1075 826 frangit.

218 851 310 895 Ser.
334 866 373 896 v.
401 856 506 895 596:
541 854 786 897 Praeterea
819 867 966 897 semen
998 855 1131 909 myrti
1164 856 1379 900 silvestris
1412 858 1569 900 Iaccho

537 925 683 980 Atque
717 926 810 969 oleo
842 925 1024 969 mixtum
1056 926 1230 987 bibitur¹
1259 941 1339 971 nec
1381 928 1497 972 desit
1529 933 1716 973 acetum.

836 1141 881 1185 O.
913 1142 1104 1185 XXXII.

219 1235 330 1278 Plin.
365 1240 435 1290 28,
470 1240 575 1279 248:
610 1237 657 1279 Si
689 1237 823 1281 vulva
859 1238 1054 1291 leporum
1092 1238 1137 1280 in
1179 1238 1287 1281 cibis
1326 1242 1535 1292 sumatur,
1575 1252 1719 1282 mares

435 1307 604 1362 concipi
634 1311 806 1362 putant.

221 1390 314 1433 Ser.
338 1405 378 1434 v.
405 1395 511 1434 609:
546 1392 638 1434 Aut
680 1392 816 1446 igitur
859 1393 1020 1446 leporis
1066 1393 1279 1436 consumit
1323 1393 1487 1436 femina
1528 1394 1720 1437 vulvam-

220 1498 332 1542 Plin.
368 1503 437 1554 25,
473 1503 550 1542 39:
584 1499 823 1553 mirumque
857 1503 926 1543 est
959 1500 1071 1553 quod
1101 1501 1155 1543 de
1181 1504 1364 1554 utroque
1388 1514 1534 1544 eorum
1558 1514 1721 1556 genere

435 1570 656 1624 proditur:
717 1574 766 1614 ut
806 1584 950 1614 mares
988 1571 1227 1626 gignantur
1283 1573 1396 1615 hunc
1453 1571 1616 1626 facere,
1672 1575 1722 1614 ut

438 1642 627 1684 feminae
678 1642 819 1685 illam:
877 1643 957 1685 hoc
1019 1643 1287 1697 contingere,
1337 1643 1373 1686 si
1424 1656 1450 1685 a
1508 1646 1721 1696 conceptu

436 1713 634 1768 protinus
680 1713 858 1757 bibatur
905 1727 1031 1757 sucus
1075 1713 1120 1756 in
1161 1727 1290 1768 passo
1337 1714 1581 1758 edanturve
1615 1712 1722 1756 folia

438 1786 621 1828 decocta
654 1798 707 1828 ex
740 1786 833 1829 oleo
868 1789 913 1828 et
945 1787 1037 1828 sale
1068 1787 1140 1829 vel
1173 1786 1308 1828 cruda
1342 1799 1395 1828 ex
1428 1789 1569 1829 aceto.

224 1869 315 1912 Ser.
340 1883 381 1913 v.
408 1873 510 1912 613:
544 1868 819 1913 Mercurialis
851 1869 956 1912 item
989 1868 1162 1923 capitur
1195 1868 1479 1912 communiter
1511 1869 1648 1912 herba

545 1941 591 1983 Si
623 1941 814 1983 cubitum
846 1944 978 1983 noctu
1011 1941 1196 1983 coniunx
1229 1940 1416 1984 festinat
1448 1944 1646 1993 uterque.

223 2046 334 2090 Plin.
370 2051 439 2101 26,
476 2051 580 2089 161:
615 2048 777 2090 Partus
810 2047 1032 2089 accelerat
1065 2081 1072 2088 .
1114 2080 1122 2088 .
1165 2081 1173 2089 .
1208 2045 1420 2089 dictamni
1460 2045 1568 2089 folia
1600 2058 1723 2099 prae-

439 2119 557 2161 clare
589 2118 751 2161 dantur
783 2131 837 2161 ex
868 2130 996 2171 aqua.

226 2204 318 2247 Ser.
342 2217 382 2247 v.
409 2207 511 2246 615:
545 2203 692 2256 Atque
707 2202 781 2246 ubi
800 2202 887 2245 iam
913 2205 1078 2245 certum
1100 2202 1286 2256 spondet
1302 2201 1564 2256 praegnatio
1586 2200 1723 2244 fetum

546 2274 608 2318 Ut
639 2273 762 2317 facili
792 2273 945 2327 vigeat
977 2275 1157 2316 servata
1189 2285 1406 2326 puerpera
1432 2275 1577 2325 partu,

545 2346 826 2390 Dictamnum
859 2344 1021 2388 bibitur
1055 2378 1243 2387 .....

228 2417 284 2462 cf.
318 2417 463 2462 DiOSc.
497 2435 539 2460 π.
572 2418 634 2460 ὑλ.
669 2419 773 2473 ι’ταρ.
806 2417 885 2473 III,
924 2420 991 2460 34.

227 2527 338 2570 Plin.
375 2532 444 2581 30,
482 2531 582 2570 126:
603 2527 777 2569 cocleae
794 2526 839 2568 in
865 2525 959 2568 cibo
978 2527 1177 2577 sumptae
1200 2524 1458 2566 adcelerant
1477 2526 1666 2577 partum,
1686 2556 1694 2564 .
1717 2556 1726 2565 .

228 2611 322 2654 Ser.
345 2625 386 2656 v.
412 2614 518 2654 617:
557 2642 963 2653 ..........
998 2607 1173 2650 cocleae
1204 2606 1470 2649 manduntur
1502 2605 1665 2649 edules.

227 2718 339 2761 Plin.
374 2722 444 2773 29,
478 2721 556 2760 47:
591 2720 688 2760 tota
720 2729 804 2760 ova
836 2715 1050 2759 adiuvant
1077 2716 1253 2767 partum
1276 2726 1371 2756 cum
1397 2715 1499 2755 ruta
1522 2716 1568 2755 et
1594 2715 1726 2755 aneto

444 2792 490 2831 et
522 2787 689 2831 cumino
721 2790 827 2841 pota
859 2799 882 2828 e
914 2785 1029 2829 vino.

230 2874 322 2936 Ser.
346 2888 385 2918 v.
413 2877 516 2917 624:
551 2873 648 2917 Ova
679 2871 813 2915 etiam
844 2873 972 2913 rutae
1018 2871 1063 2912 et
1102 2867 1253 2923 fragili
1294 2867 1534 2910 miscentur
1566 2867 1728 2910 anetho

552 2945 674 3002 Quae
686 2941 1102 2987 dilutaleviBaccho
1112 2943 1245 2994 atque
1257 2940 1474 2983 exhausta
1485 2939 1729 2983 medentur.
