1947 3391
1675 327 1731 376 51

827 480 830 482 ’
887 471 931 513 C.
973 470 1098 514 XIX.

244 562 356 608 Plin.
391 569 461 621 23,
497 568 570 609 67:
604 565 817 609 Mammas
860 566 990 610 lactis
1035 566 1101 610 sui
1133 566 1414 620 impatientes
1458 566 1610 609 eadem
1659 565 1739 622 (sc.

458 637 563 680 faex
595 636 731 693 aceti)
764 638 1017 693 exstinguit.

245 719 336 762 Ser.
361 733 401 763 v.
428 723 532 762 345:
567 720 715 763 Ubera
748 719 936 763 fecundo
968 720 1099 765 valde
1130 720 1343 763 lactentia
1375 733 1475 763 suco

565 791 707 846 Saepe
739 791 822 836 sibi
853 805 994 836 noxae
1026 791 1203 836 nimium
1235 791 1453 835 manando
1486 790 1685 835 fuerunt:

297 916 299 919 Ι
563 863 710 907 Faece
741 863 877 919 igitur
908 864 1058 909 valida
1090 864 1211 908 saevi
1242 864 1534 918 reprimentur
1566 864 1694 907 aceti.

243 934 299 977 cf.
333 934 478 978 Diosc.
511 952 552 976 π.
585 936 648 977 ὑλ.
682 937 782 989 ἰατρ.
814 937 866 989 V,
903 940 1000 978 131.

241 1041 354 1084 Plin.
404 1046 472 1096 30,
525 1046 627 1084 123:
675 1042 821 1084 fimum
883 1042 1098 1085 murinum
1164 1055 1278 1095 aqua
1347 1042 1495 1095 pluvia
1557 1042 1740 1084 dilutum

455 1126 664 1169 mammas
695 1113 921 1156 mulierum
954 1126 980 1155 a
1011 1117 1142 1167 partu
1174 1117 1393 1156 tumentes
1424 1113 1579 1155 reficit.

244 1195 337 1238 Ser.
361 1209 401 1239 v.
428 1199 534 1239 348:
569 1196 679 1239 Post
694 1199 869 1250 partum
885 1196 1077 1238 tumidas
1094 1196 1255 1238 iniuste
1273 1196 1513 1250 adsurgere
1529 1209 1742 1239 mammas

561 1266 786 1309 Interdum
804 1266 1041 1320 adspicies:
1077 1267 1229 1309 harum
1246 1267 1362 1309 mala
1380 1271 1742 1310 commemoratur

559 1338 776 1382 Murinum
807 1338 932 1382 fimus
965 1351 1019 1382 ex
1049 1338 1195 1392 pluvio
1229 1338 1385 1382 sedare
1417 1338 1596 1392 liquore.

242 1443 353 1485 Plin.
389 1448 458 1497 30,
495 1448 600 1486 125:
635 1444 714 1501 (sc.
757 1456 930 1488 vermes
972 1443 1157 1500 terreni)
1198 1445 1313 1487 idem
1352 1457 1431 1498 per
1463 1457 1510 1487 se
1547 1445 1741 1499 impositi

454 1528 737 1559 mammarum
785 1515 1119 1569 suppurationes
1167 1520 1406 1559 concocunt
1454 1520 1499 1558 et
1536 1516 1741 1570 aperiunt

456 1588 780 1640 extrahuntque
815 1621 822 1628 .
861 1620 868 1628 .
905 1621 912 1628 .
950 1621 957 1628 .

206 1646 334 1717 ,Sela
358 1682 398 1712 v.
424 1672 531 1712 352:
566 1668 644 1712 Sin
673 1672 820 1713 autem
848 1669 1021 1712 clausas
1048 1669 1223 1723 penitus
1248 1669 1370 1712 dolor
1406 1669 1531 1724 angit
1556 1670 1740 1713 acerbus

560 1741 807 1800 Lumbricis
839 1744 986 1784 terrae
1018 1744 1247 1795 turgentes
1279 1753 1422 1795 ungue
1455 1742 1693 1796 corymbos.

241 1845 352 1889 Plin.
388 1850 456 1902 30,
499 1851 604 1890 131:
650 1846 728 1904 (sc.
773 1846 1002 1903 mammas)
1046 1850 1205 1901 putant
1249 1851 1293 1889 et
1335 1851 1406 1890 ter
1449 1847 1740 1891 cimumdatos

454 1932 534 1963 ovo
581 1919 771 1973 perdicis
806 1953 814 1961 .
850 1952 858 1962 .
894 1952 903 1962 .
937 1932 1023 1961 non
1054 1918 1258 1962 inclinari
1305 1923 1350 1962 et
1396 1919 1433 1962 si
1481 1920 1740 1962 sorbeantur

454 1991 607 2033 eadem
639 1989 957 2033 fecunditatem
990 1989 1152 2045 facere,
1192 1989 1321 2033 lactis
1367 2003 1533 2044 quoque
1572 1990 1740 2045 copiam

453 2075 548 2105 cum
599 2061 802 2105 anserino
859 2061 989 2115 adipe
1041 2061 1264 2115 perunctis
1315 2061 1513 2104 mammis
1566 2062 1738 2104 dolores

451 2133 645 2177 minuere
679 2168 687 2175 .
724 2168 732 2175 .
769 2168 775 2175 .

238 2216 330 2260 Ser.
354 2230 394 2261 v.
420 2220 527 2260 356:
561 2216 744 2260 Anseris
776 2220 852 2259 aut
884 2228 1033 2260 sevum
1064 2215 1234 2270 pariter
1274 2228 1369 2259 cum
1407 2217 1525 2258 lacte
1566 2216 1737 2270 tepenti

556 2289 647 2331 Aut
679 2285 807 2333 Ovum
828 2288 1014 2343 inlinito,
1049 2287 1200 2330 tulerit
1227 2288 1340 2341 quod
1361 2288 1542 2343 garrula
1564 2288 1735 2342 perdix.

894 2466 938 2509 C.
971 2465 1072 2507 XX.

234 2561 346 2605 Plin.
390 2565 460 2617 20,
504 2563 605 2603 148:
643 2594 651 2601 .
702 2593 710 2601 .
761 2592 769 2600 .
822 2593 829 2600 .
878 2559 983 2601 item
1031 2558 1284 2613 sanguinem
1335 2559 1641 2601 excreantibus
1689 2560 1733 2602 in

449 2632 742 2676 sorbitionem.

234 2717 326 2761 Ser.
350 2731 390 2762 v.
415 2721 518 2760 370:
554 2715 629 2759 Sin
662 2714 794 2758 etiam
825 2713 982 2756 rutilus
1014 2712 1207 2756 refertur
1238 2717 1418 2767 pectore
1451 2713 1629 2769 sanguis

554 2786 743 2831 Sorbitio
775 2790 949 2828 mentae
984 2818 1168 2827 .....

231 2897 342 2939 Plin.
378 2900 448 2952 24,
485 2900 556 2939 13:
602 2894 780 2939 Suberis
824 2898 974 2938 cortex
1020 2893 1149 2936 tritus
1182 2906 1235 2936 ex
1277 2907 1392 2946 aqua
1424 2893 1568 2937 calida
1600 2898 1729 2948 potus

446 2967 701 3023 sanguinem
733 2965 938 3009 fluentem
972 2977 1025 3007 ex
1057 2964 1268 3007 utralibet
1300 2968 1429 3018 parte
1456 2965 1588 3008 sistit.
1622 2965 1730 3009 ieus-
