1947 3391
219 255 283 299 60

218 392 311 435 Ser.
336 406 377 436 v.
403 397 507 435 910:
544 394 731 448 Quidam
765 385 899 436 etiam
932 393 1134 436 miranda
1167 393 1316 436 ferunt
1341 391 1547 436 veniente
1580 392 1726 434 calore

545 465 751 508 Iurantes
791 464 939 508 ludum
971 464 1158 508 Veneris
1199 476 1438 517 munusque
1475 462 1725 517 petendum.

877 630 923 673 C.
956 630 1076 673 LIII.

218 712 331 754 Plin.
368 717 437 766 30,
476 717 577 756 110:
621 713 673 755 In
714 712 1018 756 contractione
1059 725 1293 756 nervorum
1335 726 1437 755 caro
1477 712 1728 767 palumbina

436 784 480 826 in
504 784 613 827 cibis
641 784 822 837 prodest
852 788 898 826 et
923 784 1178 828 inveterata
1200 783 1395 827 irenacei
1418 783 1624 838 spasticis
1648 816 1657 826 .
1684 817 1691 825 .
1719 817 1727 825 .

220 853 313 896 Ser.
338 868 378 897 v.
405 859 511 897 977:
547 853 624 897 Sin
658 858 806 897 autem
840 854 984 897 subito
1017 854 1290 908 replicantur
1322 867 1507 908 corpora
1538 855 1687 897 morbo

545 925 809 969 Oontractos
821 929 1005 970 revocat
1018 939 1178 970 nervos
1189 938 1291 969 caro
1303 928 1479 980 sumpta
1489 925 1728 969 columbae.

880 1093 924 1136 O.
959 1093 1075 1135 LIV.

220 1174 332 1217 Plin.
358 1179 429 1229 24,
453 1180 529 1218 88:
564 1176 721 1219 charta
755 1188 867 1229 quae
899 1176 950 1218 fit
983 1188 1037 1218 ex
1071 1188 1120 1219 eo
1155 1178 1353 1218 cremata
1384 1175 1502 1218 inter
1534 1174 1733 1218 caustica

440 1249 521 1289 est.
566 1246 675 1289 cinis
715 1246 807 1290 eius
846 1259 900 1290 ex
931 1246 1033 1291 vino
1072 1249 1201 1300 potus
1240 1259 1434 1290 somnum
1473 1245 1597 1300 facit,
1636 1246 1733 1300 ipsa

438 1331 492 1360 ex
525 1331 641 1371 aqua
672 1317 865 1372 inposita
899 1318 1058 1361 callum
1097 1321 1270 1373 sanat„

221 1389 312 1431 Ser.
338 1403 379 1432 v.
405 1393 509 1432 982:
546 1389 683 1432 Carta
715 1389 853 1444 igitur
884 1390 1022 1434 variis
1055 1389 1199 1443 pinxit
1231 1402 1360 1442 quam
1398 1389 1553 1432 littera
1586 1389 1734 1433 verbis

544 1460 712 1516 Uritur,
745 1461 848 1504 inde
882 1460 991 1505 cinis
1025 1460 1168 1504 calido
1201 1463 1383 1515 potatur
1414 1459 1459 1504 in
1492 1459 1623 1504 amni.

219 1567 332 1610 Plin.
368 1571 439 1623 25,
476 1572 579 1611 150:
617 1568 962 1625 (mandragorae
990 1568 1070 1625 sc.)
1102 1568 1170 1612 vis
1203 1568 1428 1611 somnifica
1459 1581 1537 1622 pro
1569 1567 1735 1612 viribus

438 1639 694 1683 bibentium.

222 1710 316 1754 Ser.
341 1725 381 1754 v.
408 1715 513 1754 989:
548 1711 639 1755 Nec
656 1725 743 1755 non
760 1712 1085 1767 mandragorae
1102 1715 1234 1766 gustu
1258 1724 1388 1765 sopor
1406 1711 1585 1754 additur
1603 1712 1734 1755 altus.

223 1782 281 1824 Of.
316 1782 464 1824 DiOSC.
498 1799 541 1823 π.
574 1783 637 1823 ὑλ.
672 1785 775 1836 ἵατρ.
808 1783 883 1825 IV.
921 1788 988 1825 76.

884 1950 930 1994 C.
964 1950 1079 1993 LVI.

221 2033 335 2076 Plin.
371 2038 441 2087 30,
477 2039 552 2076 88:
588 2034 822 2089 magnifice
862 2034 1072 2077 laudatur
1110 2068 1342 2075 ......
1378 2033 1439 2077 fel
1480 2047 1576 2077 cum
1608 2034 1735 2076 melle

439 2117 677 2159 praeclpue
710 2105 918 2160 agninum
923 2139 1159 2160 ......

223 2177 316 2219 Ser.
341 2191 381 2220 v.
411 2180 522 2219 1015
561 2213 566 2218 .
606 2212 612 2217 .
650 2213 655 2219 .
695 2212 702 2219 .
738 2180 816 2220 aut
849 2177 1074 2220 conditum
1105 2178 1234 2220 melle
1268 2176 1329 2219 fel
1362 2176 1478 2231 agni.

221 2282 335 2325 Plin.
371 2287 440 2337 30,
477 2286 551 2325 34:
588 2283 763 2336 quidam
794 2286 840 2326 et
871 2283 1087 2326 mustelae
1123 2282 1306 2326 cineres.
1343 2282 1441 2336 pari
1468 2282 1595 2326 modo
1624 2281 1671 2339 (i.
1696 2295 1734 2325 e.

441 2354 579 2398 cineri
640 2354 905 2411 hirundinis)
969 2354 1229 2398 admiscent.
1293 2354 1356 2398 sic
1419 2354 1476 2397 ad
1539 2357 1734 2397 strumae

439 2426 636 2470 remedia
669 2427 778 2469 dant
811 2430 856 2470 et
889 2426 1183 2470 comitialibus
1216 2426 1378 2470 cotidie
1410 2428 1528 2480 potu.

223 2499 317 2541 Ser.
342 2512 383 2543 v.
412 2502 544 2541 1018:
579 2493 724 2552 Aptus
756 2498 971 2542 mustelae
1005 2497 1114 2541 cinis
1147 2501 1216 2541 est
1248 2500 1294 2541 et
1325 2496 1570 2541 hirundinis
1602 2510 1703 2541 una.

877 2665 922 2707 C.
957 2665 1076 2707 LIX.

222 2748 335 2791 Plin.
370 2752 440 2803 24,
474 2752 550 2791 45:
587 2747 666 2804 (sc.
701 2747 894 2804 platani)
929 2748 1038 2791 cinis
1079 2747 1312 2802 pilularum
1356 2750 1488 2791 sanat
1530 2748 1733 2791 ambusta

438 2819 531 2875 igni
563 2820 635 2863 vel
668 2818 847 2873 frigore.

223 2891 315 2934 Ser.
333 2905 373 2935 v.
394 2894 525 2934 1042:
547 2891 771 2935 Conversa
786 2890 831 2933 in
849 2890 1039 2933 cinerem
1054 2891 1227 2944 platani
1240 2890 1331 2945 pila
1347 2894 1473 2933 curat
1486 2893 1731 2944 utrumque.
