1947 3391
1524 250 1579 298 17

82 393 175 440 Ser.
199 409 240 440 v.
267 396 369 438 135:
393 390 485 438 Nec
517 392 685 437 frustra
716 390 869 437 bulbos
903 396 948 436 et
980 393 1189 448 sulphura
1221 392 1363 449 iungit
1396 395 1538 446 aceto,

397 465 482 521 Qui
507 466 627 520 cupit
653 465 884 510 horribiles
910 466 969 510 ad
995 465 1185 521 pristina
1213 465 1400 510 reddere
1421 465 1582 510 vultus.

82 539 138 583 cf.
171 539 283 582 Plin.
317 541 388 592 20,
424 541 522 581 102.

197 611 383 654 Versum
418 613 501 652 136
535 608 725 653 Serenus
758 609 1012 664 composuit,
1046 612 1096 653 ut
1126 609 1368 653 remedium
1400 609 1583 653 allatum

79 682 258 726 meliore
290 680 432 724 forma
470 684 662 724 ornaret.
724 681 796 723 Nil
833 682 968 735 valet,
1003 681 1117 734 quod
1150 681 1324 724 codices
1363 681 1583 724 secundae

79 752 258 797 classis¹
292 766 387 796 eum
421 752 671 796 omiserunt.

78 826 135 869 M.
169 825 234 868 Pl.
270 828 339 879 34,
377 828 448 866 16:
482 823 645 867 nitrum
677 837 732 867 ex
762 824 890 867 melle
924 827 969 866 et
1008 825 1126 867 lacte
1158 825 1317 868 bubulo
1351 824 1580 868 succurrit.

80 896 173 940 Ser.
196 910 237 941 v.
266 900 346 939 137
360 912 367 938 :
402 896 647 939 Praeterea
677 895 840 939 nitrum
873 895 1008 939 debes
1040 908 1137 939 cum
1168 896 1297 939 melle
1329 896 1528 952 iugatum

403 967 623 1024 Spargere
650 968 769 1011 lacte
793 967 919 1012 bovis
941 967 1092 1012 varias
1125 967 1187 1011 sic
1209 980 1375 1023 ungere
1397 967 1580 1011 frontes

81 1038 136 1082 cf.
170 1038 282 1082 Plin.
318 1042 388 1093 31,
425 1042 522 1082 120.

737 1132 782 1176 C.
815 1133 918 1177 XII.

78 1217 136 1259 M.
170 1217 235 1259 Pl.
273 1220 341 1270 18,
376 1220 420 1259 5:
456 1216 503 1259 Si
540 1215 717 1269 aliquod
755 1216 919 1259 animal
959 1216 1160 1271 intravit,
1200 1217 1482 1271 praecipuum
1515 1220 1583 1260 est

292 1286 530 1330 remedium
561 1287 745 1330 murium
778 1286 840 1330 fel
873 1291 1000 1331 aceto
1034 1287 1218 1330 dilutum
1250 1277 1483 1331 instillare.

79 1358 171 1403 Ser.
195 1372 236 1404 v.
264 1363 366 1403 176:
402 1358 448 1402 Si
478 1371 584 1404 vero
616 1358 820 1402 incautas
852 1358 1017 1402 animal
1048 1359 1353 1413 penetraverit
1385 1372 1529 1414 aures,

397 1431 604 1474 Proderit
635 1431 830 1474 admixto
863 1430 1016 1485 pavidi
1047 1430 1109 1474 fel
1139 1431 1274 1475 muris
1308 1435 1449 1475 aceto.

78 1489 134 1546 of.
167 1502 280 1546 Plin.
315 1507 385 1558 29,
422 1506 519 1546 134.

76 1575 133 1617 M.
167 1575 232 1617 Pl.
270 1578 337 1629 18,
373 1578 417 1617 6:
452 1574 490 1617 si
528 1587 643 1627 aqua
681 1574 840 1629 fugiat,
875 1574 1012 1628 adeps
1050 1574 1281 1618 anserinus
1314 1588 1410 1618 cum
1443 1588 1580 1629 cepae

293 1658 394 1689 suco
427 1644 638 1689 inlinitur.

76 1717 169 1760 Ser.
193 1732 233 1761 v.
261 1722 362 1760 178:
396 1718 458 1760 At
484 1717 522 1761 si
553 1718 729 1771 lympha
760 1730 922 1760 nocens
954 1718 1216 1773 pervaserit,
1245 1718 1415 1762 anseris
1447 1722 1579 1772 aptus

0 1821 6 1825 -
393 1788 650 1832 Inmittetur
682 1787 819 1842 adeps
853 1800 1058 1842 ceparum
1089 1801 1176 1831 non
1208 1788 1302 1831 sine
1336 1802 1450 1832 suco.

76 1859 131 1903 cf.
164 1860 277 1904 Plin.
313 1864 383 1916 29,
421 1864 517 1904 134.

193 1932 351 1976 Liceat
387 1945 529 1986 pauca
568 1933 622 1975 de
654 1931 875 1975 Medicina
912 1932 1116 1975 Pliniana
1147 1946 1188 1986 p.
1226 1936 1293 1988 18,
1328 1937 1352 1975 6
1395 1920 1573 1976 addere.

73 2003 174 2046 libri
214 2017 372 2047 mnscr.
405 2005 589 2047 habent:
641 2003 692 2058 ,si
731 2004 907 2057 aliquod
946 2004 1110 2047 animal
1146 2004 1334 2048 intravit
1338 2038 1575 2059 ......

0 2062 2 2069 ’
72 2074 303 2119 instillare.
338 2075 375 2119 si
407 2088 523 2129 aqua
555 2074 700 2130 fugiat
733 2078 779 2119 et
816 2074 946 2129 adipe
979 2075 1182 2118 anserino
1221 2075 1284 2132 (g.
1316 2075 1359 2118 d.
1393 2076 1430 2119 si
1463 2088 1577 2129 aqua

72 2146 309 2191 intraverit
355 2147 493 2201 adeps
540 2146 769 2190 anserinus
808 2159 848 2189 r.
880 2147 926 2189 b.
963 2145 1097 2203 Plin.)
1145 2160 1240 2189 cum
1289 2160 1424 2200 cepae
1472 2160 1573 2190 suco

71 2217 297 2261 inlinitur.‘
384 2217 510 2273 Quod
568 2230 741 2261 sensum
792 2217 957 2261 attinet
1013 2217 1351 2272 enuntiatorum,
1406 2221 1573 2261 contro-

70 2289 218 2332 versia
265 2302 361 2332 esse
408 2289 572 2342 nequit.
650 2290 745 2332 Iam
791 2289 908 2332 Plini
953 2290 1091 2333 verba
1139 2293 1330 2332 exstant.
1402 2290 1571 2333 Roseus

0 2355 2 2362 ’
71 2365 218 2405 autem
249 2375 318 2406 me
349 2361 494 2406 iudice
524 2361 652 2406 nimis
684 2361 901 2407 violenter
932 2364 1102 2405 textum
1135 2361 1354 2417 corrigere
1387 2362 1569 2417 studuit,

71 2446 166 2478 cum
214 2434 366 2479 scribit
410 2434 653 2479 deteriores
701 2434 874 2478 codices
918 2437 1112 2478 secutus:
1159 2434 1210 2489 ,si
1252 2447 1366 2487 aqua
1410 2433 1568 2489 fugiat,

70 2507 207 2561 adeps
251 2506 481 2550 anserinus
525 2520 621 2551 cum
665 2519 801 2561 cepae
840 2519 942 2550 suco
990 2506 1216 2550 inlinitur.‘
1290 2506 1412 2561 Nego
1455 2506 1568 2549 enim

69 2577 300 2621 enuntiata
332 2578 602 2633 seiungenda
635 2591 744 2621 esse.
797 2577 987 2620 Etsideo
1019 2577 1267 2620 maluerim:
1305 2577 1369 2630 „si
1392 2577 1568 2630 aliquod

68 2647 231 2691 animal
264 2682 272 2691 .
299 2682 307 2691 .
333 2682 341 2691 .
368 2682 376 2691 .
410 2648 642 2703 instillare,
677 2648 713 2692 si
748 2661 863 2702 aqua
896 2647 973 2705 [sc.
1007 2646 1227 2704 intravit]‚
1261 2647 1404 2703 fugiet
1436 2648 1566 2702 adipe

68 2719 270 2762 anserino
332 2732 429 2762 cum
489 2732 624 2773 cepae
693 2732 795 2762 suco
857 2718 1070 2761 inlinito.“
1162 2718 1366 2761 Codicum
1433 2719 1565 2761 lectio

697 2788 736 2813 Θτ
1489 2788 1491 2790 ’

68 2824 227 2880 ‚fugiat
259 2827 317 2869 et‘
352 2826 484 2869 facile
517 2839 541 2870 e
574 2826 733 2894 ,fugiaf
765 2826 956 2869 existere
986 2825 1142 2880 potuit.

188 2899 403 2976 sfiewffiris
427 2931 556 2956 mnscr.
583 2920 707 2956 Sereni
732 2919 939 2966 propediem
964 2919 1035 2955 alio
1060 2919 1137 2955 loco
1164 2919 1363 2964 disputabo.

1326 2993 1348 3025 2
