1947 3391
1679 331 1739 376 61

245 466 355 510 Plin.
381 472 450 522 29,
476 472 549 510 33:
584 466 693 511 cinis
716 466 808 511 eius
833 467 912 525 (sc.
935 467 1067 511 lanae
1095 466 1292 524 sucidae)
1325 467 1523 511 inlinitur
1549 468 1741 524 adtritis,

457 539 716 593 vulneratiS,
750 540 975 583 ambustis
1293 590 1295 592 ,

244 610 336 653 Ser.
360 624 401 654 v.
429 614 560 653 1045:
595 610 686 653 Aut
717 613 766 653 tu
798 624 980 654 sucosae
1014 610 1204 653 cinerem
1237 611 1463 663 perducito
1496 612 1637 654 lanae.

242 716 353 760 Plin.
374 720 444 772 28,
468 720 570 760 137:
596 716 768 761 sincera
790 717 982 773 axungia
1004 717 1205 760 medetur
1227 717 1438 760 ambustis
1460 718 1531 761 vel
1552 718 1652 762 nive
1673 753 1679 759 .
1703 754 1709 759 .
1733 754 1739 760 .

243 787 335 830 Ser.
351 802 392 832 v.
411 791 543 830 1051:
563 788 772 843 Quodque
803 789 952 843 rigens
981 788 1093 831 ussit
1123 788 1303 842 glacies,
1337 789 1528 841 axungia
1559 790 1741 843 simplex

563 859 727 902 Mulcet
749 863 794 902 et
821 872 875 903 ex
907 859 1030 902 facili
1056 861 1188 913 grata
1216 862 1283 901 est
1310 858 1594 902 medicamine
1621 873 1739 903 cura.

902 1014 948 1057 O.
981 1014 1078 1057 LX.

240 1095 352 1138 Plin.
381 1101 450 1151 23,
481 1101 583 1140 147:
618 1097 696 1154 (sc.
730 1096 981 1154 iuglandes)
1015 1097 1195 1140 eaedem
1229 1101 1537 1151 praesumptae
1570 1111 1740 1142 venena

453 1169 667 1211 hebetant
702 1202 709 1209 .
745 1203 753 1210 .
789 1202 797 1211 .
835 1203 842 1210 .

240 1238 331 1281 Ser.
355 1253 395 1283 V.
424 1243 555 1282 1056:
590 1240 707 1282 Ante
740 1240 860 1283 cibos
891 1239 1028 1293 igitur
1059 1239 1280 1294 iuglandis
1314 1239 1432 1282 fetus
1465 1240 1634 1283 edatur.

239 1345 349 1388 Plin.
386 1349 455 1400 24,
498 1350 540 1388 7:
582 1345 689 1389 folia
730 1348 776 1388 et
815 1347 955 1389 bacae
987 1346 1059 1389 vel
1100 1349 1252 1388 cortex
1290 1346 1361 1390 vel
1400 1359 1526 1389 sucus
1566 1346 1737 1389 decocti

452 1420 636 1470 prosunt
668 1419 823 1460 contra
855 1416 1016 1460 toxica.

240 1487 332 1529 Ser.
353 1501 394 1531 v.
421 1491 553 1530 1058:
587 1488 831 1531 Praeterea
854 1491 1007 1531 coctae
1031 1500 1192 1540 querno
1217 1500 1311 1531 cum
1335 1488 1497 1531 cortice
1518 1488 1733 1541 lymphae.

585 1558 859 1603 Conveniunt
890 1562 997 1613 potu
1030 1593 1218 1602 .....

893 1715 936 1757 Ο.
971 1714 1089 1757 LXI.

237 1796 349 1839 Plin.
384 1801 453 1851 28,
490 1800 592 1840 158:
627 1796 809 1840 Asinino
842 1797 960 1840 lacte
992 1800 1096 1851 poto
1129 1810 1301 1841 venena
1332 1797 1636 1852 restinguatur
1665 1832 1670 1838 .
1696 1832 1732 1839 ..

451 1867 577 1924 (160)
631 1868 693 1911 sic
745 1881 913 1921 quoque
969 1869 1087 1911 lacte
1140 1869 1297 1911 bubulo
1355 1872 1513 1911 cuncta
1566 1882 1735 1912 venena

451 1940 694 1996 expugnari
726 1940 911 1983 tradunt
948 1975 1135 1981 .....

237 2011 330 2054 Ser.
339 2025 380 2055 v.
394 2015 409 2053 l
420 2016 474 2054 07
483 2015 502 2053 1
511 2028 519 2053 ε
528 2012 670 2054 Lacte
679 2011 831 2054 asinae
840 2011 1129 2065 placidaeque
1136 2012 1261 2055 bovis
1269 2013 1477 2065 prodesse
1487 2012 1733 2064 loquuntur.

239 2118 294 2161 cf.
327 2118 440 2161 Plin.
481 2122 550 2173 25,
593 2123 695 2162 127:
737 2119 853 2162 Potu
891 2118 1035 2162 omnia
1075 2119 1192 2162 mala
1233 2118 1554 2162 medicamenta
1596 2118 1735 2173 exigit

450 2203 529 2243 per
551 2190 697 2234 alvum
718 2189 972 2234 vettonicae
995 2202 1143 2233 semen
1170 2190 1215 2232 in
1237 2190 1372 2232 mulso
1397 2193 1473 2232 aut
1494 2202 1626 2243 passo
1655 2224 1662 2230 .
1690 2224 1697 2231 .
1726 2224 1732 2230 .

173 2300 176 2303 .
238 2261 330 2304 Ser.
353 2275 394 2305 v.
423 2265 553 2305 1072:
588 2261 869 2305 Vettonicam
896 2275 949 2304 ex
981 2274 1114 2314 parco
1149 2264 1321 2304 sumunt
1352 2260 1547 2315 plerique
1569 2261 1732 2315 Lyaeo.

875 2416 921 2459 C.
953 2416 1095 2458 LXII.

238 2500 349 2543 Plin.
378 2503 447 2555 24,
472 2504 546 2543 86:
581 2500 793 2543 Harundo
827 2499 988 2555 Cypria
1021 2512 1132 2553 quae
1166 2499 1309 2542 donax
1341 2501 1524 2542 vocatur
1556 2497 1733 2541 corticis

453 2572 599 2615 cinere
625 2571 847 2626 alopecias
869 2571 1088 2625 emendat,
1111 2571 1217 2613 item
1242 2569 1543 2624 putrescentia
1570 2569 1732 2611 ulcera.

238 2644 331 2687 Ser.
355 2658 395 2688 v.
423 2648 554 2686 1081:
595 2677 823 2685 ......
859 2643 1027 2686 cineres
1059 2643 1129 2686 vel
1149 2640 1417 2684 harundinis
1449 2641 1569 2683 altae

558 2714 749 2757 Inducas
784 2747 1101 2757 ........

237 2821 348 2864 Plin.
384 2826 454 2876 28,
490 2825 593 2864 190:
642 2833 744 2864 nam
785 2820 1013 2875 coagulum
1052 2818 1213 2873 leporis
1255 2831 1277 2860 e
1320 2818 1420 2861 vino
1465 2818 1509 2860 in
1553 2817 1732 2862 linteolo

453 2892 717 2936 exulceratis
750 2892 981 2935 dumtaxat
1011 2890 1246 2954 inponitur.

239 2966 331 3008 Ser.
355 2978 395 3008 v.
423 2968 554 3007 1084:
592 2996 866 3005 .......
903 2962 1120 3015 leporisve
1153 2962 1365 3014 adspersa
1399 2961 1583 3015 coagula
1616 2961 1730 3005 vino.
