1947 3391
253 214 320 258 48

934 355 978 398 C.
1012 356 1087 398 VI.

252 437 365 480 Plin.
401 442 471 492 23,
508 442 586 481 55:
622 438 702 494 (sc.
739 437 931 495 acetum)
963 439 1166 482 medetur
1197 473 1205 481 .
1235 473 1243 480 .
1273 442 1547 493 ‚contraque
1574 438 1764 482 omnium

471 510 770 552 aculeatorum
802 522 975 553 venena
1008 513 1054 553 et
1085 510 1281 564 pruritus
1315 545 1323 553 .
1359 545 1367 553 .
1404 545 1412 553 .

253 592 347 636 Ser.
382 607 423 637 v.
458 597 533 636 84:
568 594 772 637 Pruritus
806 597 953 638 autem
987 594 1127 637 salsos
1159 594 1282 638 levat
1315 608 1436 638 umor
1468 594 1598 638 aceti.

253 664 309 709 cf.
343 664 491 709 Diosc.
524 683 567 708 π.
601 666 666 708 ὑλ.
699 667 803 721 ἰατρ.
837 667 890 709 V.
925 670 994 709 21.

252 775 365 818 Plin.
403 780 473 830 31,
509 780 584 819 63:
619 776 830 820 Medendi
861 776 1015 819 modus
1047 775 1164 819 idem
1197 780 1242 820 et
1261 776 1306 820 in
1332 776 1515 820 marinis
1547 777 1656 832 erit3

470 861 628 900 aquam
660 861 765 907 vero
786 848 920 891 maris
943 861 1022 903 per
1048 862 1145 892 sese
1169 848 1455 892 efficaciorem
1477 849 1765 893 discutiendis

469 918 711 963 tumoribus
743 923 904 972 putant
935 919 1124 962 medici.
1161 953 1169 961 .
1207 953 1215 961 .

254 1000 347 1044 Ser.
381 1015 421 1045 v.
457 1005 531 1043 85:
569 1000 672 1044 Sive
705 1001 839 1043 maris
871 1001 1017 1044 rabidi
1050 1002 1183 1045 sudor
1217 1035 1404 1045 .....

253 1072 308 1116 cf.
343 1073 491 1117 Diosc.
524 1090 569 1115 π.
603 1073 666 1114 ὑλ.
702 1074 807 1128 ιάτρ.
840 1073 893 1116 V.
931 1077 998 1116 19.

921 1204 966 1247 O.
1000 1205 1098 1248 VH.

250 1286 363 1330 Plin.
418 1290 488 1341 24,
545 1290 622 1329 51:
677 1286 758 1343 (sc.
823 1286 995 1343 sabuci)
1059 1301 1187 1330 sucus
1250 1288 1420 1331 cerebri
1483 1288 1763 1332 collectiones

468 1354 764 1412 privatimque
803 1359 1087 1401 membranae
1120 1372 1232 1412 quae
1266 1358 1384 1402 circa
1426 1360 1652 1403 cerebrum
1697 1364 1765 1403 est

467 1429 579 1473 lenit
610 1429 798 1473 infusus.

252 1513 346 1556 Ser.
381 1527 422 1557 v.
459 1517 537 1556 97:
574 1513 605 1570 (.
641 1548 649 1556 .
685 1515 913 1556 cerebrum
948 1547 956 1554 .
995 1513 1024 1569 .)

569 1585 750 1641 ungitur
782 1589 828 1629 et
861 1585 989 1640 sucis,
1025 1585 1207 1629 dederit
1240 1599 1346 1640 quos
1378 1599 1519 1640 parva
1552 1587 1760 1640 sabucus;

250 1692 363 1735 Plin.
399 1696 469 1747 24,
507 1697 583 1735 77:
619 1705 748 1735 sucus
794 1692 987 1735 hederae
1038 1727 1045 1734 .
1098 1727 1105 1733 .
1158 1727 1165 1734 .
1214 1692 1330 1736 idem
1374 1692 1545 1736 infusus
1582 1692 1762 1736 naribus

467 1769 601 1819 caput
631 1770 794 1819 purgat
828 1799 836 1806 .
874 1798 881 1805 .
919 1798 926 1806 .

250 1848 344 1891 Ser.
379 1862 420 1892 v.
455 1852 530 1890 98:
565 1848 900 1902 Expressusque
933 1849 1125 1891 hederae
1157 1848 1395 1891 mandatur
1419 1848 1598 1892 naribus
1623 1862 1759 1892 umor.

907 1980 951 2022 C.
986 1980 1108 2023 VIII.

248 2063 361 2106 Plin.
398 2067 468 2118 32,
498 2066 575 2106 35:
612 2062 826 2118 sanguine
844 2062 923 2119 (sc.
944 2062 1234 2119 testudinum)
1254 2062 1548 2117 alopeciarum
1564 2062 1760 2106 inanitas

467 2139 512 2178 et
549 2135 725 2190 porrigo
759 2135 989 2189 omniaque
1022 2135 1180 2189 capitis
1212 2135 1361 2178 ulcera
1394 2139 1613 2178 curantur.

247 2220 341 2262 Ser.
366 2233 407 2264 V.
435 2224 540 2262 110:
576 2220 658 2262 Vel
691 2220 941 2263 testudineo
974 2220 1091 2262 mala
1123 2220 1392 2273 permulceto
1426 2233 1591 2263 cruore.

921 2363 965 2405 O.
998 2362 1078 2405 XI.

244 2447 357 2490 Plin.
393 2451 463 2501 20,
502 2450 604 2489 125:
640 2446 813 2489 Erucae
847 2459 996 2489 semen
1031 2481 1038 2489 .
1075 2479 1084 2488 .
1121 2481 1128 2488 .
1165 2451 1288 2489 arcet
1320 2446 1430 2491 vitia
1464 2446 1576 2490 cutis
1610 2480 1619 2489 .
1656 2481 1664 2489 .
1701 2482 1708 2489 .
1745 2481 1754 2489 .

460 2516 699 2573 lentigines
732 2530 786 2560 ex
819 2521 959 2560 aceto.

244 2603 336 2645 Ser.
359 2616 399 2645 v.
428 2605 531 2644 144:
566 2602 758 2644 Erucam
777 2605 910 2654 atque
929 2601 1102 2644 acidum
1118 2601 1298 2645 laticem
1316 2601 1443 2645 simul
1460 2601 1595 2645 inline
1612 2601 1753 2645 malis.

243 2711 355 2754 Plin.
398 2714 468 2765 24,
510 2714 585 2753 58:
621 2709 701 2766 (sc.
746 2708 915 2766 salicis)
956 2709 1037 2753 flos
1078 2709 1211 2753 tritus
1256 2723 1351 2754 cum
1397 2709 1515 2754 foliis
1560 2709 1754 2755 furfures

460 2786 622 2836 purgat
652 2781 698 2824 in
731 2780 860 2824 facie.
1679 2794 1684 2798 ’

244 2868 337 2909 Ser.
362 2881 402 2910 v.
432 2870 533 2908 148:
570 2866 714 2909 Frons
747 2866 894 2909 salicis
928 2880 1023 2909 cum
1054 2865 1162 2910 flore
1196 2879 1271 2910 suo
1314 2865 1506 2910 contrita
1538 2866 1750 2911 medetur.
