1947 3391
1668 320 1730 363 59

450 453 593 509 plagis
614 453 851 507 imponere.
880 453 947 498 ius
976 467 1144 508 quoque
1171 468 1225 497 ex
1246 455 1313 498 his
1335 459 1483 509 potum
1505 457 1733 510 praeclare

449 525 662 570 medetur.

236 596 329 639 Ser.
352 610 393 640 v.
418 600 522 639 841:
559 630 791 639 ......
825 597 1019 651 gallinae
1052 601 1128 639 aut
1160 597 1257 640 iura
1288 601 1507 642 vetustae.

234 703 346 748 Plin.
381 708 451 758 28,
488 707 591 747 150:
643 704 780 757 pelles
833 703 1027 747 eiusdem
1074 704 1152 761 (sc.
1203 705 1341 761 cervi)
1390 705 1590 749 animalis
1639 697 1732 749 sub-

450 778 623 817 stratae
663 787 840 818 securos
876 779 1111 829 praestant
1144 777 1199 818 ab
1239 789 1289 818 eo
1320 780 1440 819 metu
1472 790 1642 820 somnos
1676 811 1684 820 .
1721 811 1729 820 .

452 880 461 889 .
497 880 505 889 .
541 879 551 890 .
586 880 595 889 .
630 846 805 902 fugiunt
843 850 889 889 et
930 846 1101 890 omnino
1144 847 1319 890 dentem
1358 848 1477 892 cervi
1517 850 1731 892 habentes

451 921 528 961 aut
558 918 749 962 medulla
780 922 1015 973 perunctos
1048 952 1235 962 .....

237 992 329 1034 Ser.
354 1004 394 1035 v.
419 995 523 1033 851:
557 992 649 1034 Aut
679 994 729 1034 tu
760 991 940 1035 cervina
971 1004 1050 1045 per
1080 996 1253 1035 noctem
1285 992 1330 1034 in
1361 993 1474 1046 pelle
1506 993 1702 1045 quiesces

556 1063 647 1107 Aut
677 1075 839 1120 genere
873 1076 927 1106 ex
963 1063 1058 1118 ipso
1092 1063 1267 1107 dentem
1305 1064 1502 1119 gestabis
1534 1064 1729 1108 amicum.

865 1218 910 1263 O.
943 1218 1104 1263 XLVI.

235 1302 346 1344 Plin.
382 1306 451 1356 29,
486 1306 560 1344 91:
594 1303 784 1345 Prodest
817 1336 825 1345 .
862 1336 870 1345 .
907 1336 915 1345 .
952 1336 960 1345 .
996 1302 1165 1356 scorpio
1207 1303 1301 1356 ipse
1334 1316 1439 1346 suae
1471 1304 1628 1357 plagae
1661 1303 1733 1345 im-

449 1373 617 1428 positus
651 1407 883 1417 ......

236 1444 329 1487 Ser.
353 1458 394 1488 v.
418 1448 524 1487 866:
558 1445 683 1499 Quod
722 1444 758 1487 si
796 1445 953 1489 vulnus
985 1448 1114 1488 atrox
1145 1445 1330 1488 incussit
1362 1445 1530 1499 scorpio
1573 1446 1733 1488 ardens

558 1516 770 1559 Continuo
802 1516 989 1571 rapitur,
1023 1519 1127 1560 tunc
1161 1516 1295 1572 digna
1327 1517 1463 1560 caede
1493 1517 1691 1561 revulsus

556 1587 905 1642 Vulneribusque
938 1591 1068 1643 aptus
1094 1587 1238 1632 fertur
1268 1602 1478 1634 revocare
1504 1601 1730 1633 venenum.

193 1674 209 1686 ⁶
236 1695 347 1739 Plin.
374 1699 442 1750 31,
468 1698 541 1738 65:
577 1694 679 1748 quin
712 1698 757 1738 et
789 1695 847 1738 ad
877 1694 992 1738 ictus
1023 1698 1268 1739 venenator
1298 1694 1377 1753 (sc.
1402 1708 1516 1749 aqua
1543 1694 1732 1751 marina)

453 1766 661 1810 salutaris
709 1767 996 1822 intellegitur,
1050 1771 1099 1810 ut
1149 1767 1481 1823 phalangiorum
1532 1771 1576 1810 et
1621 1780 1733 1810 scor-

451 1838 624 1893 pionum
667 1841 713 1881 et
748 1838 915 1893 ptyade
948 1838 1101 1892 aspide
1140 1838 1366 1894 respersis,
1401 1839 1545 1881 calida
1586 1841 1732 1881 autem

451 1910 496 1952 in
527 1909 594 1953 his
627 1910 883 1953 adsumitur.

238 1982 330 2026 Ser.
354 1996 394 2027 v.
420 1986 524 2025 869:
558 1982 649 2026 Aut
682 1981 837 2026 calidis
858 1982 1006 2038 pelagi
1030 1982 1217 2038 lymphis
1243 1983 1340 2026 loca
1364 1983 1487 2025 laesa
1513 1981 1730 2026 foventur.

238 2054 294 2097 cf.
327 2054 474 2098 Diosc.
506 2071 548 2095 π.
581 2055 645 2097 ὑλ.
679 2056 780 2108 ἰατρ.
814 2055 866 2097 V.
903 2058 970 2097 19.

860 2208 905 2252 G.
938 2209 1120 2252 XLVII.

237 2291 348 2335 Plin.
384 2296 453 2346 29,
490 2296 566 2334 79;
621 2292 767 2336 alvum
817 2291 948 2336 solvit
996 2291 1168 2335 validus
1217 2306 1239 2334 e
1285 2295 1436 2335 vetere
1486 2290 1729 2345 gallinaceo

452 2363 532 2420 (sc.
565 2363 693 2420 iure),
735 2364 917 2418 prodest
948 2367 994 2407 et
1026 2367 1180 2407 contra
1216 2363 1474 2418 longinquas
1507 2361 1653 2405 febres
1686 2365 1732 2404 et

452 2435 728 2489 torpentibus
789 2435 994 2479 membris
1045 2435 1325 2488 tremulisque
1381 2437 1426 2476 et
1481 2433 1730 2476 articularis

373 2557 375 2559 ,
451 2510 612 2553 morbis
645 2543 833 2553 .....

238 2581 330 2624 Ser.
354 2595 395 2625 v.
420 2584 524 2624 893:
558 2580 776 2624 Febribus
808 2584 886 2624 aut
915 2580 1058 2635 longis
1089 2580 1196 2635 galli
1227 2592 1342 2622 nova
1372 2578 1468 2621 iura
1500 2578 1666 2621 vetusti

559 2652 845 2707 Subveniunt‚
860 2652 1057 2695 tremulis
1080 2651 1213 2694 etiam
1235 2649 1500 2693 medicantia
1513 2649 1729 2691 membris.

848 2807 893 2850 O.
925 2806 1129 2849 XLVHI.

237 2890 348 2933 Plin.
384 2896 453 2945 28,
488 2896 562 2934 83:
606 2890 802 2933 icatidas
842 2889 1035 2932 medicus
1076 2892 1317 2940 quartanas
1357 2887 1472 2930 finiri
1514 2887 1631 2930 coitu
1672 2887 1731 2930 in-

452 2963 713 3019 cipientibus
746 2962 976 3005 dumtaxat
1006 2958 1241 3003 menstruis
1273 2958 1518 3014 spopondit.
