1947 3391
224 305 288 349 (34

221 442 333 486 Plin.
368 448 438 499 20,
477 447 581 487 103:
618 443 698 500 (sc.
732 442 871 500 bulbi)
905 442 1017 488 vitia
1049 456 1161 497 quae
1188 446 1290 486 sunt
1315 441 1360 486 in
1383 442 1499 487 facie
1521 442 1730 487 rubentes

438 515 626 558 maxime
664 515 709 558 in
748 516 838 558 sole
879 514 996 558 inliti
1038 528 1134 558 cum
1174 515 1303 558 melle
1344 519 1390 558 et
1429 514 1546 558 nitro
1591 527 1730 559 emen-

438 586 560 641 dant,
592 586 851 642 lentiginem
884 599 979 629 cum
1011 586 1112 630 vino
1146 588 1224 629 aut
1256 599 1352 629 cum
1384 589 1526 629 aceto.

222 658 315 701 Ser.
339 672 380 701 v.
409 662 517 701 145:
553 658 760 702 Proderit
793 662 839 701 et
870 659 1027 702 bulbus
1058 658 1200 701 mellis
1233 658 1464 702 dulcedine
1495 658 1654 703 victus.

221 753 333 796 Plin.
375 758 445 808 28,
492 758 594 797 150:
634 754 774 808 pelles
823 754 1017 798 eiusdem
1066 753 1269 797 animalis
1316 753 1399 810 (sc.'
1448 753 1587 810 cervi)
1636 754 1731 797 sub-

438 828 612 868 stratae
660 839 838 869 securos
885 828 1120 878 praestant
1167 826 1222 868 ab
1278 838 1327 868 eo
1375 828 1495 868 metu
1543 838 1729 879 somnos,

438 897 668 951 coagulum
713 910 767 939 ex
812 900 940 940 aceto
984 893 1135 1011 Im?
1179 897 1235 939 ab
1272 896 1365 939 ictu
1406 899 1452 939 et
1489 896 1527 939 si
1559 895 1730 939 omnino

437 971 683 1011 tractatum
715 968 786 1022 sit,
822 981 872 1011 eo
907 968 977 1010 die
1009 981 1064 1011 no
1128 967 1235 1011 ferit
1267 981 1461 1021 serpens.

221 1039 314 1082 Ser.
339 1053 379 1083 v.
406 1042 511 1082 838:
547 1039 734 1083 Cervino
769 1052 823 1082 ex
856 1038 953 1081 fetu
986 1015 1128 1159 dilttta
1160 1039 1346 1094 coagula
1378 1039 1479 1084 vino

544 1111 795 1165 Sumuntur,
831 1123 942 1163 quae
960 1124 1032 1153 res
1100 1110 1261 1154 embris
1284 1111 1379 1165 agit
1412 1114 1513 1154 atra
1544 1123 1728 1155 venena.

219 1206 332 1248 Plin.
368 1210 437 1260 25,
476 1209 577 1248 127:
612 1206 727 1249 Potu
766 1205 911 1248 omnia
952 1201 1069 1320 masfa
1110 1205 1434 1249 medicamenta
1473 1206 1612 1261 exigit
1653 1219 1732 1261 per

438 1278 584 1321 alvum
616 1277 882 1320 Vettonicae
915 1290 1005 1319 sem
1024 1291 1063 1343 ,n
1094 1277 1140 1320 in
1171 1278 1309 1320 mulso
1343 1281 1421 1320 aut
1450 1290 1595 1332 passo.

221 1349 314 1391 Ser.
338 1362 379 1392 v.
408 1352 543 1391 1072:
578 1347 861 1391 Vettonicam
894 1360 948 1390 ex
980 1360 1113 1401 parco
1137 1352 1312 1391 sumunt
1337 1348 1534 1402 plerique
1565 1349 1730 1403 Lyaeo.

219 1443 333 1486 Plin.
396 1445 466 1497 24,
532 1446 609 1485 18:
680 1442 941 1496 phthiriasis
977 1441 979 1517 ξ
1016 1443 1132 1485 Med.
1167 1442 1278 1486 Plin.
1311 1446 1378 1498 12,
1415 1446 1490 1486 14:
1523 1443 1630 1486 item
1653 1456 1732 1498 per

279 1527 556 1569 perunguere
584 1527 633 1557 eo
658 1527 744 1557 non
772 1514 941 1556 dubita·
977 1526 979 1578 Ῑ
1077 1527 1123 1557 se
1157 1527 1210 1556 ex
1244 1515 1375 1557 cedro
1406 1514 1664 1558 inlinuntur.

279 1585 432 1641 verim,
466 1585 573 1629 item
605 1585 866 1641 porrigines.
977 1635 979 1639 ,

220 1658 313 1700 Ser.
348 1671 388 1700 v.
423 1661 505 1699 40:
540 1657 602 1698 Et
633 1657 816 1710 prodest
849 1657 980 1699 cedro
1015 1657 1230 1699 demissus
1264 1659 1318 1699 ab
1353 1659 1510 1700 arbore
1544 1670 1683 1700 sucus.

339 1740 498 1784 Liceat
530 1739 657 1783 simul
688 1740 767 1783 hos
797 1740 917 1784 locos
950 1739 1126 1783 afferre:

221 1813 314 1855 Ser.
338 1826 380 1855 v.
406 1816 483 1853 67:
521 1845 754 1854 ......
789 1815 866 1854 aut
900 1825 1002 1854 suco
1035 1812 1277 1865 perducere
1311 1812 1443 1855 cedri.

218 1908 331 1951 Plin.
353 1911 518 1962 24,18:
548 1906 628 1963 (sc.
656 1906 775 1950 cedri
793 1906 941 1964 sucus)
977 1906 980 1953 1
1016 1908 1131 1951 Med.
1180 1907 1293 1951 Plin.
1344 1911 1413 1962 34,
1463 1911 1540 1951 14:
1597 1908 1729 1951 cedro

280 1979 457 2022 facilius
492 1978 537 2021 in
561 1979 859 2032 elephantiasi
880 1979 940 2022 in·
976 1975 979 2028 ἱ
1076 1978 1333 2022 inlinuntur.

279 2051 436 2095 linunt.

220 2123 314 2167 Ser.
338 2137 381 2166 v.
409 2126 511 2165 131:
546 2122 663 2165 Huic
697 2121 783 2165 erit
816 2122 1031 2166 adversus
1065 2122 1186 2165 cedri
1219 2122 1273 2164 de
1307 2121 1471 2165 cortice
1504 2135 1644 2165 sucus.

219 2195 276 2238 cf.
310 2194 457 2238 Diose.
491 2211 532 2235 π.
566 2194 628 2235 ὑλ.
661 2195 764 2247 ιάτρ.
798 2194 832 2248 Ι,
868 2206 903 2236 c.
941 2197 1037 2237 105.

337 2277 421 2320 His
467 2277 575 2319 locis
620 2277 816 2319 laudatis
864 2280 1068 2319 auctores
1113 2277 1168 2319 de
1213 2290 1315 2319 suco
1360 2276 1482 2319 cedri
1523 2278 1730 2320 exanthe-

217 2348 411 2393 matibus
459 2347 709 2391 adhibendo
757 2348 973 2391 locuntur.
1048 2348 1178 2391 Hunc
1226 2350 1374 2391 autem
1422 2360 1584 2403 sucum,
1633 2361 1729 2392 cum

217 2420 303 2465 viri
325 2420 446 2463 docti
473 2420 528 2462 de
551 2432 602 2462 eo
628 2419 912 2473 disputarent
928 2417 956 2473 ¹,
991 2419 1067 2461 alii
1085 2419 1279 2462 cedrium
1291 2418 1320 2474 ²,
1355 2419 1431 2462 alii
1457 2423 1729 2464 vocaverunt

218 2491 426 2536 cedriam.
492 2491 579 2534 Sed
625 2491 707 2534 hoc
757 2490 932 2534 minime
980 2490 1201 2544 quadrare
1247 2490 1416 2534 Plinius
1465 2491 1631 2547 XXIV,
1675 2495 1726 2535 17

217 2565 360 2607 docet.
426 2563 543 2605 Sane
589 2562 762 2615 quidem
807 2562 924 2605 Plini
967 2564 1105 2607 verba
1151 2564 1338 2606 obscura
1378 2566 1481 2606 sunt
1513 2575 1728 2617 sensuque

217 2638 391 2679 carent:
428 2634 564 2689 ,cedri
597 2646 726 2677 sucus
759 2646 813 2677 ex
847 2646 900 2676 ea
933 2634 1145 2687 quomodo
1178 2633 1306 2677 fieret
1342 2668 1349 2676 .
1386 2635 1409 2676 .‘
1449 2635 1546 2678 Vox
1579 2634 1726 2690 ,cedri‘

216 2707 311 2750 sine
344 2705 474 2748 dubio
507 2705 840 2761 interpolatoris
859 2708 949 2758 est3
984 2718 1113 2758 quam
1132 2705 1169 2748 si
1192 2706 1400 2760 delemus,
1434 2705 1537 2758 quid
1559 2705 1727 2749 Plinius

216 2777 364 2821 dicere
395 2775 599 2831 voluerit,
632 2775 833 2831 intellegi
864 2778 1027 2830 potest.

339 2895 349 2914 ¹
375 2894 498 2929 adnot.
525 2894 571 2929 ad
597 2904 629 2928 v.
655 2894 713 2928 43.
741 2894 796 2929 ed.
823 2894 1063 2928 Ackermann.

335 2955 349 2975 ²
373 2954 466 2990 Plin.
494 2954 592 2998 XVI,
619 2954 675 2989 52.
