1947 3391
201 238 264 288 32
1641 238 1668 271 *N

198 378 408 430 prodesse
441 377 611 421 Plinius
645 381 691 421 et
723 381 879 422 auctor
910 376 1159 421 Medicinae
1192 376 1256 421 Pl.
1292 376 1489 421 tradunt.
1524 377 1581 421 cf.
1616 375 1710 422 cod.

199 449 355 492 classis
387 450 453 504 R,
489 449 562 502 qui
596 450 742 505 ,iecor‘
776 451 956 494 habent.

837 546 883 590 O.
915 546 1076 589 XLVI.

199 630 257 671 M.
303 629 369 671 Pl.
419 633 518 684 109,
567 633 642 672 13:
699 630 913 674 adversus
967 630 1078 672 haec
1139 628 1284 672 omnia
1341 629 1491 673 vinum
1547 641 1712 673 merum

415 700 595 743 bibitur.

199 770 293 815 Ser.
317 784 358 815 v.
384 775 490 814 870:
527 771 630 816 Sive
664 771 774 814 meri
805 774 912 825 potu
945 770 1204 815 dissolvitur
1235 770 1435 825 improba
1467 771 1620 825 pestis.

200 843 257 885 cf.
292 843 405 886 Plin.
441 848 512 898 23,
546 847 617 886 43.

199 914 257 957 M.
292 914 358 957 Pl.
396 918 494 970 109,
530 918 574 957 6:
610 917 734 957 terra
767 927 896 967 quam
928 913 973 956 in
996 913 1146 957 orbita
1177 917 1278 957 rota
1306 914 1527 967 depressit
1552 915 1713 969 plagae

416 986 667 1039 imponitur.

201 1056 295 1099 Ser.
319 1070 360 1100 v.
386 1060 493 1099 879:
530 1056 606 1099 Sin
639 1059 788 1100 autem
820 1056 955 1100 muris
987 1057 1137 1099 nocuit
1168 1056 1383 1101 violentia
1416 1057 1552 1112 caeci,

526 1128 649 1183 Quae
683 1129 777 1171 sola
810 1128 1007 1183 signavit
1039 1128 1269 1172 volvendis
1311 1128 1457 1172 orbita
1488 1127 1713 1183 plaustris,

525 1198 684 1241 Inline:
719 1198 831 1241 mira
864 1198 997 1242 datur
1028 1198 1106 1242 vili
1139 1199 1194 1241 de
1226 1199 1407 1252 pulvere
1441 1212 1559 1241 cura.

202 1270 258 1313 ef.
292 1270 404 1313 Plin.
441 1274 510 1324 29,
545 1274 620 1322 993
657 1274 727 1324 30,
762 1274 832 1312 20.

828 1365 874 1407 G.
908 1364 1091 1408 XLVII.

202 1449 259 1492 M.
294 1449 359 1492 Pl.
396 1452 465 1503 36,
503 1452 549 1490 7:
584 1448 753 1492 vellera
798 1448 1004 1502 sulphure
1048 1448 1150 1493 vivo
1195 1447 1340 1491 suffita
1373 1447 1437 1505 (d,
1477 1447 1639 1491 subfita
1669 1460 1715 1501 g,

419 1519 583 1563 suffusa
615 1518 665 1576 b)
700 1519 939 1562 efficaciter
972 1519 1314 1563 excalefaciunt.

203 1592 296 1634 Ser.
321 1605 362 1635 v.
388 1595 495 1634 884:
529 1591 797 1643 Velleraque
829 1590 976 1633 infuso
1009 1590 1255 1634 recalentia
1294 1591 1500 1645 sulphure
1539 1594 1714 1634 sanant.

202 1661 259 1706 of.
294 1661 407 1706 Plin.
443 1665 514 1718 29,
550 1665 619 1705 38.

321 1735 415 1776 Iam
462 1747 595 1787 supra
645 1733 924 1787 exposuimus
968 1734 1129 1777 nullius
1183 1746 1280 1777 esse
1328 1733 1551 1787 momenti,
1601 1733 1716 1786 quod

203 1806 393 1849 Serenus
428 1805 635 1860 ,sulphur‘
670 1804 831 1848 omissa
863 1817 972 1849 voce
1000 1804 1174 1860 ,vivum‘
1202 1805 1432 1859 praebeat.
1468 1804 1525 1847 cf.
1548 1817 1589 1848 v.
1613 1807 1714 1847 456.

202 1878 319 1920 Sane
353 1877 527 1930 quidem
561 1878 613 1920 ob
641 1889 794 1921 vocem
828 1877 983 1920 Sereni
1017 1876 1190 1932 ,infuso‘
1225 1876 1460 1920 lectionem
1494 1876 1656 1920 codicis
1688 1877 1715 1919 b

202 1948 451 1993 Medicinae
483 1948 549 1991 Pl.
582 1948 899 2002 praeferemus.

822 2043 867 2086 G.
901 2043 1109 2086 XLVIII.

201 2129 259 2171 Μ.
284 2128 349 2171 Pl.
375 2131 445 2182 89,
470 2131 514 2169 9:
551 2139 699 2170 semen
732 2126 856 2169 aneti
887 2126 1002 2183 (cod.
1027 2126 1151 2170 anesi
1173 2125 1363 2182 Roseus)
1390 2125 1531 2169 tribus
1564 2125 1716 2180 digitis

420 2199 778 2252 comprehensum
838 2201 884 2241 et
940 2198 1121 2241 feniculi
1178 2198 1440 2241 tantundem
1497 2211 1551 2240 ex
1599 2197 1716 2240 aceti

420 2269 548 2312 mulsi
580 2269 704 2322 potui
737 2268 871 2312 datur
904 2269 1065 2324 cyatho
1099 2282 1196 2312 uno.

202 2342 295 2384 Ser.
318 2354 359 2385 v.
387 2344 490 2382 904:
527 2340 657 2383 Sume
674 2340 817 2383 tribus
835 2339 989 2395 digitis
1009 2340 1274 2393 adprensum
1293 2352 1441 2391 semen
1460 2339 1713 2396 an‘eti(cod;

780 2412 904 2456 anesi
934 2410 1117 2468 Baehr.)

527 2484 807 2527 Tantundem
840 2483 1057 2528 marathri
1089 2496 1171 2527 nec
1202 2484 1387 2526 mulsum
1426 2483 1543 2527 desit
1583 2483 1713 2538 aceti,

524 2556 577 2598 In
610 2554 732 2598 cuius
764 2555 925 2609 cyatho
953 2554 1187 2608 praedicta
1220 2554 1459 2598 salubriter
1489 2554 1653 2598 hauris.

201 2629 257 2672 cf.
292 2628 406 2671 Plin.
441 2632 512 2682 2o,
550 2631 648 2669 194.

200 2701 257 2743 M.
292 2700 358 2742 Pl.
394 2703 465 2753 88,
503 2702 579 2741 18:
623 2697 788 2751 leporis
828 2710 902 2740 cor
941 2697 1213 2754 adalligatur
1262 2698 1578 2752 coagulumque
1622 2696 1715 2740 eius

416 2769 583 2812 bibitur
617 2802 805 2811 .....

201 2841 294 2885 Ser.
328 2855 369 2885 v.
404 2845 508 2884 908:
543 2841 636 2884 Aut
667 2839 830 2894 leporis
863 2840 1026 2894 trepidi
1059 2840 1200 2883 diluta
1234 2838 1420 2896 cOagula
1452 2839 1595 2883 trade.

201 2913 257 2956 cf.
292 2913 404 2956 Plin.
440 2918 510 2967 28,
546 2917 645 2956 229.

871 3057 887 3082 2
