1947 3391
225 280 289 327 62

221 419 335 463 Plin.
358 423 429 475 24,
455 424 528 462 78:
557 418 758 463 inlinitur
790 418 975 464 decocta
1008 431 1304 474 quaecumque
1337 415 1381 462 in
1408 416 1509 464 vino
1542 413 1729 462 omnium

438 492 633 535 ulcerum
665 492 818 547 generi
850 491 1025 535 etiamsi
1056 492 1268 535 cacoethe
1300 491 1400 535 sint.

224 564 318 607 Ser.
342 578 382 608 v.
411 568 544 607 1085:
581 564 671 607 Aut
702 564 913 607 hederam
945 564 1120 606 Baccho
1155 563 1384 607 decoctam
1419 597 1652 606 ......

223 635 280 678 cf.
314 635 463 678 Diosc.
495 652 537 677 π.
571 636 633 677 ὑλ.
665 637 771 690 ἰατρ.
805 635 863 689 Π,
898 633 1048 678 2101.-1

224 731 338 774 Ρ1111.
363 734 433 785 24,
460 735 534 773 38:
570 732 650 785 (sc.
677 730 772 786 pix)
807 764 814 772 .
842 764 850 772 .
878 764 885 772 .
911 764 920 772 .
954 734 1117 785 purgat
1155 734 1201 773 et
1231 731 1535 795 putrescentia
1567 730 1731 783 ulcera,

442 815 554 855 quae
587 815 692 846 vero
725 806 907 856 serpunt
941 815 1036 845 cum
1074 802 1202 855 pineo
1236 802 1400 846 cortice
1434 805 1511 846 aut
1544 802 1731 856 sulpure.

226 876 318 915 Ser.
343 888 383 917 v.
413 878 544 916 1090:
580 873 719 916 Pinea
751 877 988 926 praeterea
1020 873 1121 916 vivo
1154 886 1250 916 cum
1284 874 1490 926 sulphure
1523 876 1675 916 cortex

578 944 640 987 Et
656 943 753 998 pice
768 956 864 987 cum
882 943 1025 998 spissa
1039 943 1127 986 iam
1144 944 1321 998 perdita
1334 945 1530 987 membra
1546 943 1733 998 reponit.

857 1076 901 1118 C.
936 1076 1099 1118 LXIII.

225 1159 338 1202 Plin.
373 1164 443 1213 26,
481 1163 583 1202 150:
618 1159 859 1213 tithymalli
892 1172 1041 1201 omnes
1079 1172 1245 1213 genera
1276 1172 1559 1202 verrucarum
1593 1158 1737 1201 omnia

444 1264 452 1272 .
489 1264 498 1273 .
533 1265 541 1273 .
579 1264 587 1273 .
622 1229 796 1273 tollunt.

228 1301 320 1343 Ser.
345 1315 385 1345 v.
414 1305 545 1344 1098:
581 1301 666 1343 Est
688 1301 965 1355 tithymallus
987 1300 1093 1343 item
1125 1301 1207 1343 tali
1234 1301 1345 1344 satis
1373 1304 1481 1355 apta
1506 1301 1734 1344 medellae.

350 1419 365 1438 ¹'
387 1418 466 1461 Viri
493 1417 601 1461 docti,
630 1418 689 1462 qui
717 1418 833 1453 adhuc
867 1418 910 1453 de
945 1417 1106 1453 fontibus
1132 1418 1256 1453 Sereni
1290 1417 1548 1461 disseruerunt,
1575 1422 1738 1454 statuere

228 1484 266 1514 et
289 1478 400 1513 Plinii
427 1481 465 1513 et
491 1477 713 1513 Dioscoridis
744 1477 855 1513 libros
891 1478 936 1513 ab
964 1477 1027 1513 illo
1052 1480 1162 1523 poeta
1186 1488 1264 1514 esse
1291 1481 1490 1523 excerptos.
1518 1478 1578 1523 (cf.
1605 1478 1739 1513 Acker—

227 1549 346 1573 mann.
372 1538 396 1573 l.
422 1538 464 1581 1.;
492 1537 845 1581 Teuffel-Schwabe,
874 1538 915 1572 G.
943 1538 975 1573 11.
1001 1541 1089 1573 rom.
1116 1538 1206 1573 Litt.
1239 1538 1354 1581 1890³‚
1380 1549 1414 1583 p.
1441 1539 1539 1583 970.)
1595 1539 1646 1574 At
1671 1548 1738 1584 ego

227 1608 313 1633 vero
339 1598 377 1633 in
401 1597 504 1633 libris
530 1597 675 1642 quidem
704 1598 785 1642 περὶ
810 1597 986 1641 εὐποριστ.
1024 1611 1187 1642 φαρμακ.
1214 1598 1351 1632 nullum
1378 1598 1493 1633 locum
1519 1598 1652 1641 inveni,
1679 1597 1740 1641 qui

227 1658 305 1693 iure
341 1658 387 1693 ad
421 1661 617 1702 praecepta
652 1656 899 1693 Sammonicea
936 1657 1067 1693 referri
1101 1657 1224 1702 possit.
1275 1658 1320 1692 Ei
1355 1661 1477 1694 autem
1507 1657 1578 1694 loci
1603 1657 1739 1701 Sereni,

229 1717 290 1761 qui
315 1718 361 1752 ad
387 1717 498 1752 libros
523 1718 603 1761 περὶ
638 1718 723 1762 ὕλης
750 1718 877 1761 ἰατρικ.
914 1721 1079 1762 spectare
1105 1717 1275 1753 videntur
1300 1718 1346 1752 ad
1377 1728 1487 1753 unum
1513 1728 1635 1753 omnes
1661 1728 1740 1753 cum

228 1776 406 1812 Plinianis
432 1781 656 1823 congruunt,
684 1777 815 1812 desunt
841 1789 862 1811 a
890 1776 1005 1812 Plinio
1032 1776 1141 1812 alieni
1166 1777 1202 1812 in
1229 1776 1330 1812 libris
1356 1777 1587 1813 Dioscoridis.
1639 1777 1741 1822 (Illos

228 1837 326 1873 locos
357 1837 530 1872 adnotavi
565 1837 611 1871 ad
643 1836 718 1872 Ser.
745 1848 778 1872 v.
806 1848 838 1871 v.
865 1838 922 1880 34,
948 1838 1007 1879 46,
1033 1838 1090 1880 85,
1121 1838 1199 1880 133,
1229 1838 1308 1881 149,
1338 1839 1416 1881 154,
1443 1838 1525 1881 211,
1551 1838 1631 1881 345,
1658 1837 1740 1876 503,

229 1899 310 1940 538,
338 1899 419 1940 616,
447 1899 528 1938 632,
555 1898 636 1940 697,
663 1898 743 1939 700,
770 1898 852 1940 840,
880 1898 960 1940 989,
991 1898 1092 1940 1061,
1121 1898 1224 1939 1085,
1254 1897 1378 1941 1095.)
1430 1898 1595 1942 Apparet
1626 1897 1742 1943 igitur

229 1957 327 1992 locos
348 1956 613 1992 Sammoniceos
638 1956 755 1991 adhuc
781 1957 827 1991 ad
844 1956 1091 1992 Dioscoridem
1111 1957 1247 1992 relatos
1265 1957 1311 1992 ad
1329 1957 1532 1993 naturalem
1552 1957 1740 1993 historiam

230 2016 340 2051 Plinii
379 2027 457 2051 esse
492 2016 713 2059 referendos,
747 2027 791 2051 ex
816 2027 886 2060 qua
918 2016 954 2050 111
989 2027 1061 2060 eos,
1088 2016 1215 2060 quibus
1242 2017 1397 2052 Serenus
1427 2028 1513 2052 usus
1538 2022 1604 2061 est,
1631 2017 1741 2053 libros

232 2076 402 2112 translati
429 2080 524 2112 sunt.
585 2076 751 2112 Conexus
785 2081 918 2119 autem,
946 2075 1007 2119 qui
1033 2079 1089 2111 est
1114 2076 1211 2112 inter
1236 2076 1393 2112 Plinium
1420 2080 1458 2113 et
1481 2076 1739 2121 Dioscoridem,

229 2136 313 2171 inde
340 2139 441 2171 ortus
462 2141 529 2179 est,
557 2136 651 2180 quod
677 2139 831 2180 uterque
852 2136 1003 2171 eundem
1030 2140 1216 2172 auctorum
1242 2136 1383 2172 scilicet
1406 2137 1568 2173 Sextium
1587 2137 1740 2183 Nigrum

231 2195 433 2240 exscripsit.
473 2196 533 2238 (cf.
561 2195 781 2238 Wessmann,
807 2195 964 2230 Hermae
991 2195 1070 2230 Vol.
1098 2197 1154 2239 24,
1181 2198 1251 2230 536
1278 2198 1372 2240 eqs.)
