1947 3391
1624 273 1687 317 65

307 415 543 458 Auctorem
576 409 824 454 Medicinae
845 411 912 453 Pl.
945 410 1044 454 illos
1075 411 1195 453 locos
1218 423 1241 453 e
1273 410 1416 453 Plinio
1443 410 1693 463 sumpsisse,

188 489 356 531 Roseus
409 482 610 536 coniecit,
665 482 734 525 cui
790 482 1022 526 assentior.
1107 481 1194 525 Sed
1251 481 1552 525 adnotandum
1612 485 1693 535 est,

187 555 450 603 Medicinam
497 554 563 596 Pl.
611 553 770 606 ubique
819 554 1023 608 ‚cedrum‘
1073 554 1302 608 praebere,
1352 554 1466 606 quod
1512 554 1694 597 verbum

188 631 356 673 Roseus
387 625 433 669 in
466 627 687 679 apparatu
719 624 871 668 critico
905 624 1111 669 editionis
1144 624 1205 682 (p.
1253 628 1322 680 34,
1373 623 1446 682 14)
1478 629 1602 668 recte
1635 624 1697 666 in-

186 700 473 753 terpretatur.
526 695 614 738 Sed
636 696 800 751 dubito,
834 710 936 739 num
968 700 1122 740 auctor
1143 696 1391 740 Medicinae
1413 697 1479 739 Pl.
1503 709 1551 739 re
1583 709 1692 740 vera

188 769 392 826 ‚cedrum‘
427 766 667 821 scripserit.
729 768 841 810 Nam
873 768 1050 811 cedrum
1083 781 1161 822 pro
1194 780 1296 811 suco
1330 767 1452 810 cedri
1481 780 1694 821 nusquam

186 841 271 884 nisi
303 840 419 893 apud
466 842 623 892 poetas
665 838 864 893 legimus.
925 840 1023 882 Huc
1068 840 1253 894 accedit,
1300 840 1413 893 quod
1457 840 1694 882 Marcellus

186 910 446 966 Empiricus,
482 909 554 963 qui
570 909 833 953 Medicinam
865 910 931 952 Pl.
951 910 1184 965 excerpsit,
1220 910 1441 965 ,cedriam‘
1466 910 1527 966 (p.
1550 914 1621 964 42,
1646 910 1693 965 2)

186 983 383 1036 praebet.
447 982 605 1033 Itaque
627 981 852 1023 maluerim
880 985 1103 1024 auctorem
1131 982 1379 1025 Medicinae
1411 982 1477 1024 Pl.
1511 983 1691 1025 verbum

187 1053 407 1108 ,cedrium‘
443 1051 710 1095 adhibuisse.

186 1148 298 1190 Plin.
333 1153 403 1202 20,
438 1152 542 1190 239:
577 1150 760 1190 utuntur
793 1161 842 1190 eo
876 1147 955 1203 (sc.
990 1148 1153 1203 sinapi)
1187 1149 1245 1190 ad
1285 1183 1293 1190 .
1331 1182 1339 1190 .
1376 1182 1383 1190 .
1416 1149 1689 1202 phthiriasis.

187 1232 279 1275 Ser.
303 1245 344 1275 v.
371 1234 445 1274 64:
482 1230 666 1284 Saepius
700 1244 803 1286 ergo
837 1231 966 1274 decet
997 1231 1180 1287 mordax
1212 1232 1389 1275 haurire
1423 1231 1580 1285 sinapi.

304 1326 375 1368 Ex
405 1325 460 1368 iis
493 1338 604 1378 quae
643 1325 913 1368 antecedunt
944 1325 1092 1369 verbis
1131 1325 1345 1369 Plinianis
1386 1330 1575 1380 apparet
1608 1328 1688 1369 hoc

184 1397 278 1439 loco
313 1396 404 1451 ,uti‘
443 1396 560 1439 idem
598 1396 847 1450 significare
886 1409 939 1438 ac
973 1396 1236 1450 ‚imponerefl
1307 1397 1497 1440 Serenus
1539 1401 1685 1440 autem

185 1467 328 1521 sinapi
361 1480 457 1511 esse
489 1466 776 1510 hauriendum
809 1467 929 1510 dicit.

304 1539 450 1592 Atque
468 1538 620 1582 similis
644 1538 942 1592 discrepantia
964 1538 1082 1581 inter
1104 1543 1308 1582 auctores
1329 1543 1397 1582 est
1419 1539 1539 1582 hisce
1559 1540 1684 1582 locis:

186 1635 296 1676 Plin.
332 1629 401 1688 2⁹8,
438 1639 540 1677 152:
578 1668 765 1676 .....
800 1637 954 1676 contra
994 1634 1108 1677 ictus
1149 1635 1313 1689 valere,
1355 1635 1461 1678 item
1496 1669 1685 1677 .....

400 1709 575 1748 caseum
608 1704 831 1758 caprinum
865 1717 960 1747 cum
992 1704 1173 1759 origano
1205 1705 1455 1758 inpositum.

185 1789 342 1832 Ser.·v.
367 1794 471 1831 872:
507 1789 671 1831 Caseus
704 1791 833 1841 aptus
867 1787 952 1830 erit
983 1787 1174 1841 pavidae
1208 1788 1261 1831 de
1293 1788 1412 1831 lacte
1446 1789 1644 1843 capellae

507 1860 696 1912 Cumque
727 1859 808 1902 hoc
841 1858 1010 1901 absumi
1042 1859 1221 1902 debebit
1263 1859 1471 1914 origanus
1503 1860 1654 1903 herba.

183 1979 295 2022 Plin.
336 1984 406 2034 29,
441 1983 517 2022 88:
568 2013 575 2020 .
611 2012 619 2020 .
656 2012 664 2020 .
700 2012 708 2020 .
743 1980 897 2021 contra
931 1983 934 2033 ξ
969 1979 1085 2020 Med.
1103 1978 1216 2021 Plin.
1238 1979 1687 2033 109,18;gallinacei

243 2051 431 2095 omnium
483 2063 651 2094 morsus
703 2048 895 2092 remedio
932 2040 934 2054 ³
1031 2051 1257 2093 cerebrum
1340 2063 1435 2093 cum
1521 2050 1687 2105 piperis

243 2126 312 2166 est
322 2122 896 2178 gallinaceorumcerebrum
932 2151 934 2180 ί
1030 2122 1186 2178 exiguo
1226 2121 1405 2165 additur
1441 2122 1487 2165 in
1524 2135 1687 2176 puscae

243 2208 338 2237 cum
368 2193 532 2248 piperis
566 2192 721 2247 exiguo
746 2195 897 2246 potum
932 2200 934 2242 ξ
1029 2193 1220 2247 potione.

242 2266 287 2308 in
318 2278 465 2319 posca.
932 2253 934 2319 ξ

183 2348 277 2392 Ser.
299 2362 340 2393 v.
365 2352 469 2390 877:
504 2346 675 2401 Exiguo
709 2345 873 2400 piperis
906 2347 1132 2389 cerebrum
1166 2347 1447 2401 conspargito
1480 2347 1587 2402 galli

505 2418 597 2472 Quo
629 2417 711 2459 lita
744 2421 980 2460 sanescent
1012 2417 1192 2471 depulso
1225 2419 1420 2461 membra
1453 2419 1615 2462 dolore.

181 2539 294 2582 Plin.
329 2542 398 2592 20,
438 2541 542 2580 260:
583 2536 661 2593 (sc.
706 2534 895 2593 ferulae)
931 2536 933 2592 ξ
969 2536 1084 2580 Med.
1127 2536 1239 2580 Plin.
1285 2541 1382 2592 110,
1429 2541 1501 2580 12:
1557 2537 1685 2580 radix

240 2609 370 2653 radix
414 2608 568 2652 denari
610 2607 803 2661 pondere
849 2607 895 2650 in
930 2597 933 2624 ¹
1029 2608 1200 2651 ferulae
1245 2622 1299 2651 ex
1342 2609 1443 2652 vino
1484 2610 1687 2652 medetur

241 2681 333 2725 vini
356 2679 528 2735 cyathis
552 2680 718 2722 duobus
730 2678 896 2722 bibitur
1028 2679 1247 2734 imposita.

242 2753 454 2797 adversus
472 2753 713 2804 serpentes,
733 2752 779 2792 et
797 2749 895 2803 ipsa
931 2748 933 2803 ξ

241 2824 370 2867 radix
400 2822 648 2877 imponitur.
931 2810 933 2814 ⁸

212 2906 304 2951 Ser.
334 2920 375 2951 v.
408 2909 512 2949 840:
552 2905 643 2947 Aut
675 2903 845 2946 ferulae
877 2904 1006 2946 radix
1038 2908 1221 2957 potatur
1252 2905 1297 2947 in
1329 2905 1466 2947 imbre
1499 2906 1652 2959 Lyaei.

1471 2988 1492 3021 5
