1947 3391
1640 303 1703 349 37

924 1021 992 1075 Π.

332 1195 455 1238 Nunc
483 1208 570 1250 eos,
594 1195 665 1248 qui
688 1198 907 1251 secuntur,
930 1197 1048 1240 locos
1075 1209 1374 1250 comparemus
1403 1199 1449 1239 et
1469 1196 1710 1250 videamus,

213 1279 270 1309 an
301 1266 346 1308 hi
378 1279 545 1319 quoque
576 1266 661 1309 loci
693 1279 717 1309 e
748 1266 968 1310 Medicina
999 1268 1064 1310 Pl.
1099 1267 1260 1321 sumpti
1292 1267 1393 1310 sint.

212 1349 325 1392 Plin.
358 1348 460 1393 hist.
493 1352 585 1392 nat.
618 1350 646 1393 l.
681 1354 737 1393 20
770 1348 923 1406 §2441
960 1348 964 1373 ¹
998 1346 1056 1394 M.
1089 1351 1154 1394 Pl.
1188 1364 1229 1404 p.
1265 1354 1333 1405 34,
1371 1355 1443 1393 13:
1478 1350 1712 1394 mentastri

273 1420 353 1477 (sc.
400 1420 455 1463 de
505 1420 622 1464 foliis
671 1420 925 1477 mentastri)
962 1460 964 1471 ‚
1059 1421 1166 1464 folia
1218 1422 1581 1465 commanducata
1639 1423 1712 1465 ad-

272 1492 327 1536 iis
368 1493 740 1544 commanducatis
782 1496 826 1536 et
866 1493 926 1536 in-
1060 1493 1275 1536 hibentur.
1508 1485 1513 1491 ’

273 1564 429 1619 positis
467 1565 617 1609 sanari
659 1564 927 1619 elephantia—

274 1637 354 1681 sim
385 1637 538 1693 Magni
562 1636 743 1691 Pompei
775 1638 927 1680 aetate

276 1742 463 1752 .....
504 1708 621 1752 facie
660 1708 790 1752 inlita
831 1721 927 1752 con·
963 1721 965 1725 ·

305 1784 446 1824 ertum
479 1784 560 1824 est.

215 1794 307 1895 Se?
331 1865 372 1895 v.
399 1855 499 1895 134:
533 1851 771 1895 Mentastri
801 1851 951 1894 folium
977 1853 1083 1904 potu
1111 1850 1400 1904 adposituque
1428 1852 1603 1894 salubre
1630 1855 1711 1894 est.

214 1934 325 1977 Plin.
349 1939 419 1989 28,
441 1938 542 1978 182:
568 1934 722 1978 efficax
739 1935 927 1977 habetur
1001 1934 1059 1976 M.
1091 1934 1156 1977 Pl.
1182 1937 1251 1989 28,
1279 1937 1351 1977 10:
1386 1933 1563 1988 caprino
1595 1934 1714 1977 lacte

273 2009 320 2049 et
376 2006 554 2060 caprino
609 2007 728 2048 lacte
784 2004 927 2048 conlui
1060 2005 1230 2048 utiliter
1253 2005 1408 2048 dentes
1440 2006 1713 2048 conluuntur.

274 2078 430 2122 dentes
461 2078 533 2123 vel
564 2077 669 2122 felle
700 2077 888 2121 taurin0.
1467 2093 1473 2096 ·

275 2150 367 2193 Ser.
393 2163 435 2194 v.
460 2154 564 2193 229:
601 2182 922 2192 ........
956 2149 1028 2193 vel
1058 2149 1176 2192 lacte
1209 2150 1406 2203 capellae

595 2213 831 2263 sanescunt
864 2219 1019 2262 dentes
1052 2222 1130 2262 aut
1161 2219 1279 2262 tauri
1311 2219 1415 2263 felle
1446 2220 1666 2264 iuvantur.

213 2304 325 2348 Plin.
376 2309 444 2359 30,
497 2307 598 2347 112:
659 2302 925 2359 Sanguinem
960 2301 962 2326 ¹
997 2303 1055 2347 M.
1074 2303 1139 2346 Pl.
1157 2307 1227 2358 23,
1246 2307 1317 2347 16:
1337 2306 1520 2357 prosunt
1537 2303 1713 2347 cocleae

275 2376 394 2419 sistit
427 2410 435 2419 .
461 2409 470 2418 .
496 2409 504 2418 .
539 2388 563 2418 e
588 2374 768 2418 naribus
794 2374 925 2417 fluen—
1059 2374 1278 2418 contritae
1307 2378 1353 2418 et
1384 2374 1522 2418 fronti
1542 2374 1710 2418 inlitae.

273 2452 364 2492 tem
374 2448 550 2491 cocleae
559 2445 778 2490 contritae
789 2445 926 2489 fronti

273 2519 428 2564 inlitae
463 2553 650 2574 .....
691 2517 927 2574 gallinacei
961 2516 964 2568 ζ

274 2592 536 2635 cerebellum
603 2591 674 2635 vel
747 2589 926 2645 sanguis

272 2662 488 2718 profluvia
521 2675 575 2706 ex
601 2663 793 2716 cerebro,
820 2661 927 2704 item

273 2735 541 2779 columbinus
564 2736 617 2778 ob
649 2734 695 2777 id
722 2735 926 2778 servatus

273 2810 601 2860 concretusque.

213 2879 306 2922 Ser.
327 2893 368 2923 v.
394 2883 498 2922 632:
533 2877 744 2921 Oontritis
775 2876 956 2932 prodest
987 2874 1146 2919 cocleis
1177 2875 1418 2929 perducere
1451 2875 1641 2920 frontem

533 2950 624 2993 Aut
645 2949 752 3005 galli
774 2949 952 2992 cerebro
972 2948 1044 2992 vel
1066 2946 1279 3002 sanguine
1301 2947 1454 3003 tingue
1471 2948 1710 2993 columbae.
