1947 3391
210 427 303 470 Ser.
336 441 377 471 v.
414 429 546 469 1061:
581 426 821 469 Antidotus
853 438 958 470 vero
989 425 1138 469 multis
1170 425 1451 469 Mithridatia
1483 425 1627 469 fertur

585 496 848 541 Oonsociata
879 497 1038 550 modis3
1073 498 1151 541 sed
1182 497 1333 553 magni
1364 497 1529 541 scrinia
1556 497 1675 553 regis

584 569 690 612 Cum
720 572 900 622 raperet
930 568 1086 624 victor,
1118 568 1249 613 vilem
1283 569 1517 623 deprendit
1547 568 1592 612 in
1624 569 1711 611 illis

584 639 823 695 Synthesin
851 642 897 683 et
924 640 1110 695 vulgata
1136 638 1247 683 satis
1274 639 1566 683 medicamina
1597 639 1709 683 risit.

584 711 661 754 Bis
675 711 833 754 denum
846 714 976 755 rutae
992 710 1157 766 folium,
1174 711 1279 754 salis
1298 714 1343 754 61
1359 712 1494 755 breve
1511 724 1710 766 granum,

582 782 905 837 Iuglandesque
938 782 1061 837 duas,
1094 782 1230 826 tereti
1268 786 1337 826 tot
1369 795 1551 837 corpore
1589 782 1710 836 ficus,

583 854 708 897 Haec
741 853 910 897 oriente
943 853 1014 896 die
1045 867 1179 908 parco
1213 867 1450 908 conspersa
1480 855 1632 909 Lyaeo

275 981 279 984 ἢ
586 925 809 980 Sumebat,
822 928 1036 980 metuens,
1056 925 1243 969 dederat
1260 938 1374 979 quae
1390 926 1547 979 pocula
1564 925 1709 968 matri.

210 998 266 1041 cf.
300 997 412 1041 Plin.
445 997 547 1040 hist.
581 1000 673 1040 nat.
706 997 734 1040 1.
769 1000 838 1051 23,
873 995 897 1053 ξ
934 1000 1030 1058 149.

329 1068 483 1112 Sereni
522 1069 660 1112 verba
702 1067 943 1122 ,antidotus
976 1093 1031 1098 —
1064 1069 1216 1112 modis‘
1258 1068 1315 1111 ad
1356 1068 1605 1112 Medicinae
1644 1068 1708 1111 Pl.

211 1139 565 1194 ‚compositiones
607 1139 807 1183 diversas
854 1138 1055 1182 afferunt‘
1104 1143 1312 1193 spectant
1372 1152 1513 1192 neque
1570 1139 1710 1181 minus

211 1210 400 1266 ,86111116ι
442 1211 500 1254 ad
543 1210 728 1255 eandem
764 1223 917 1255 vocem
957 1210 1204 1255 Medicinae
1252 1206 1318 1254 Ρ1.
1383 1211 1529 1264 Atque
1577 1209 1710 1254 facile

212 1285 280 1326 est
326 1282 555 1328 intellectu
596 1282 805 1326 Serenum
852 1295 930 1337 pro
971 1295 1078 1327 voce
1128 1282 1529 1337 ,compositionem‘,
1583 1295 1711 1335 quam

210 1354 430 1399 Medicina
452 1355 518 1398 Pl.
551 1356 749 1409 praebet,
780 1354 1051 1410 ,synthesim
1090 1354 1276 1398 formam
1304 1357 1444 1398 metro
1480 1353 1709 1409 aptiorem,

210 1424 421 1479 posuisse.
493 1424 580 1467 Sed
619 1424 771 1467 summi
808 1424 1017 1467 momenti
1055 1427 1124 1467 681
1161 1424 1259 1478 ipsa
1292 1424 1562 1478 compositio.
1625 1424 1709 1467 Hic

211 1496 344 1539 cardo
385 1496 588 1541 vertitur.
662 1495 836 1539 Nemini
880 1496 994 1540 enim
1039 1496 1214 1540 dubium
1260 1509 1357 1540 6886
1400 1499 1562 1551 potest,
1608 1495 1711 1549 quin

211 1567 400 1611 Serenus
443 1567 501 1622 ,in
541 1567 717 1622 vinum‘,
759 1566 935 1610 minime
968 1562 1032 1622 ,in
1070 1568 1215 1610 unum‘
1254 1567 1427 1622 legerit.
1494 1568 1712 1610 Profiteor

210 1638 383 1692 quidem
414 1651 625 1692 nusquam
666 1639 783 1692 apud
822 1638 1026 1691 antiquos
1066 1638 1317 1693 scriptores,
1351 1638 1425 1691 qui
1455 1640 1570 1682 hanc
1602 1652 1712 1682 com-

209 1710 469 1765 positionem
516 1713 869 1765 commemorant,
922 1710 1106 1754 vinum
1161 1709 1323 1753 ceteris
1374 1710 1433 1753 ad
1483 1710 1712 1765 synthesin

210 1781 460 1826 faciendam
511 1781 775 1825 necessariis
826 1783 957 1825 rebus
1010 1781 1209 1825 additum
1261 1781 1464 1826 inveniri.
1547 1781 1712 1826 Errore

209 1853 346 1908 igitur
386 1853 543 1908 aliquo,
587 1866 693 1896 sane
732 1853 1048 1908 antiquissimo,
1082 1853 1230 1897 vinum
1269 1853 1314 1896 111
1346 1854 1574 1908 vulgatum
1604 1853 1712 1897 illud

209 1924 574 1968 medicamentum
623 1924 814 1978 irrepsit.
892 1924 995 1967 Alia
1043 1928 1190 1967 autem
1237 1924 1326 1967 ista
1377 1924 1576 1977 quaestio
1630 1928 1711 1979 est,

210 2008 311 2039 num
349 1997 503 2039 auctor
541 1994 636 2050 ipse
676 1994 923 2038 Medicinae
960 1995 1026 2038 Pl.
1068 1995 1114 2038 in
1153 2008 1217 2050 60,
1258 2008 1385 2049 quem
1427 1995 1711 2050 excerpserit,

209 2067 320 2110 libro
372 2067 593 2112 invenerit
643 2067 700 2121 ,in
749 2067 925 2111 vinum‘.
1005 2068 1116 2110 Nam
1163 2067 1260 2111 fieri
1306 2070 1467 2122 potest,
1523 2072 1573 2111 ut
1617 2067 1712 2121 quis

211 2138 396 2193 dubitet,
429 2151 531 2182 num
555 2138 697 2182 Plinio
730 2138 837 2182 illud
868 2138 1107 2182 remedium
1134 2139 1361 2182 debeatur.
1421 2139 1572 2192 Neque
1598 2139 1712 2182 enim

211 2210 266 2254 de
298 2210 470 2253 scriniis
491 2210 609 2265 regis
642 2223 781 2263 neque
814 2210 869 2253 de
893 2213 992 2253 tota
1024 2223 1136 2263 quae
1169 2210 1395 2253 antecedit
1426 2210 1471 2253 in
1493 2210 1713 2253 Medicina

210 2282 276 2325 Pl.
327 2281 599 2336 expositione
646 2281 813 2324 Plinius
859 2282 995 2324 habet
1043 2281 1222 2334 aliquid.
1303 2281 1391 2324 Sed
1437 2282 1548 2324 haec
1595 2282 1713 2324 haud

211 2353 359 2409 magni
399 2353 607 2397 momenti
639 2356 753 2397 sunt.
822 2354 987 2397 Contra
1019 2366 1043 2397 e
1081 2353 1394 2407 compositione
1425 2353 1523 2408 ipsa
1556 2354 1712 2408 6111661,

213 2425 308 2479 quis
352 2428 506 2469 auctor
549 2425 620 2468 sit.
691 2425 788 2468 Hoc
831 2438 935 2469 vero
986 2424 1178 2468 sufficiet
1226 2425 1442 2468 adnotare
1490 2428 1713 2468 auctorem

212 2497 458 2540 Medicinae
510 2497 590 2551 PL,
658 2510 754 2539 611111
810 2496 1054 2550 respiceret
1110 2498 1248 2540 verba
1305 2496 1511 2540 Pliniana
1574 2497 1713 2551 ,simul

211 2569 359 2625 tritis‘,
393 2569 621 2624 scripsisse
655 2569 713 2624 ,in
744 2582 875 2612 unum
907 2569 1240 2612 6011111111161616ζ
1258 2568 1285 2612 ¹.

332 2641 496 2695 Quodsi
540 2640 865 2694 compositionis
911 2641 1000 2684 vim
1046 2640 1317 2696 respicimus,
1368 2641 1485 2684 haud
1536 2653 1714 2694 prorsus

214 2712 501 2756 omittendum
538 2711 662 2755 nobis
701 2715 783 2767 681,
823 2712 1033 2765 quomodo
1079 2712 1196 2766 apud
1241 2712 1438 2756 diversos
1484 2712 1556 2764 qui
1600 2713 1714 2754 hanc

334 2819 344 2838 ¹
370 2819 426 2854 Ad
453 2818 691 2854 elocutionem
722 2819 787 2854 cf.:
823 2822 969 2854 contere
994 2819 1032 2854 in
1063 2830 1173 2854 unum
1199 2819 1308 2854 Marc.
1333 2818 1469 2863 Empir.
1497 2819 1568 2863 (ed.
1593 2818 1715 2853 Helm-

213 2879 327 2923 161611)
357 2890 392 2924 p.
429 2879 510 2922 228,
545 2879 608 2923 32,
643 2878 690 2913 M.
717 2877 771 2914 Pl.
806 2879 862 2922 95,
900 2879 955 2922 19,
990 2878 1142 2914 fundere
1167 2878 1204 2913 in
1229 2888 1337 2913 unum
1365 2877 1438 2913 Col.
1466 2878 1644 2913 confluere
1679 2878 1715 2913 in

213 2949 321 2974 unum
348 2938 419 2974 Cic.
445 2938 516 2985 leg.
543 2940 575 2981 2,
602 2939 640 2982 3,
666 2938 703 2973 111
728 2948 837 2974 unum
861 2937 952 2974 trita
977 2938 1024 2973 M.
1049 2938 1105 2973 Pl.
1132 2939 1188 2980 31,
1217 2939 1255 2982 3,
1281 2938 1338 2980 32,
1366 2939 1397 2973 1.
