<?xml version="1.0" encoding="UTF-8"?>
<!DOCTYPE html PUBLIC "-//W3C//DTD XHTML 1.0 Transitional//EN"
    "http://www.w3.org/TR/xhtml1/DTD/xhtml1-transitional.dtd">
<html xmlns="http://www.w3.org/1999/xhtml" xml:lang="en" lang="en">
 <head>
  <title>
</title>
<meta http-equiv="Content-Type" content="text/html;charset=utf-8" />
  <meta name='ocr-system' content='tesseract 3.04.00' />
  <meta name='ocr-capabilities' content='ocr_page ocr_carea ocr_par ocr_line ocrx_word'/>
</head>
<body>
  <div class='ocr_page' id='page_1' title='image "./4626637_0035.png"; bbox 0 0 1947 3391; ppageno 0'>
   <div class='ocr_carea' id='block_1_1' title="bbox 1657 309 1721 353">
    <p class='ocr_par' dir='ltr' id='par_1_1' title="bbox 1657 309 1721 353">
     <span class='ocr_line' id='line_1_1' title="bbox 1657 309 1721 353; baseline 0.016 -1"><span class='ocrx_word' id='word_1_1' title='bbox 1657 309 1721 353; x_wconf 83' lang='lat'>29</span> 
     </span>
    </p>
   </div>
   <div class='ocr_carea' id='block_1_2' title="bbox 219 446 1720 572">
    <p class='ocr_par' dir='ltr' id='par_1_2' title="bbox 219 446 1720 572">
     <span class='ocr_line' id='line_1_2' title="bbox 336 446 1720 501; baseline 0.001 -12"><span class='ocrx_word' id='word_1_2' title='bbox 336 448 398 489; x_wconf 85' lang='lat' dir='ltr'>Et</span> <span class='ocrx_word' id='word_1_3' title='bbox 420 447 609 489; x_wconf 81' lang='lat' dir='ltr'>Serenus</span> <span class='ocrx_word' id='word_1_4' title='bbox 638 450 681 490; x_wconf 86' lang='lat' dir='ltr'>et</span> <span class='ocrx_word' id='word_1_5' title='bbox 712 450 867 490; x_wconf 78' lang='lat' dir='ltr'><strong>auctor</strong></span> <span class='ocrx_word' id='word_1_6' title='bbox 887 447 1136 490; x_wconf 80' lang='lat' dir='ltr'>Medicinae</span> <span class='ocrx_word' id='word_1_7' title='bbox 1157 448 1223 489; x_wconf 91' lang='lat' dir='ltr'>Pl.</span> <span class='ocrx_word' id='word_1_8' title='bbox 1247 447 1419 501; x_wconf 91' lang='lat' dir='ltr'>lupinos</span> <span class='ocrx_word' id='word_1_9' title='bbox 1442 446 1532 490; x_wconf 89' lang='lat' dir='ltr'>teri</span> <span class='ocrx_word' id='word_1_10' title='bbox 1550 446 1720 500; x_wconf 74' lang='lat' dir='ltr'>iubent,</span> 
     </span>
     <span class='ocr_line' id='line_1_3' title="bbox 219 518 1395 572; baseline 0.002 -11"><span class='ocrx_word' id='word_1_11' title='bbox 219 519 273 562; x_wconf 89' lang='lat' dir='ltr'>de</span> <span class='ocrx_word' id='word_1_12' title='bbox 306 532 391 572; x_wconf 90' lang='lat' dir='ltr'>qua</span> <span class='ocrx_word' id='word_1_13' title='bbox 422 531 471 561; x_wconf 88' lang='lat' dir='ltr'>re</span> <span class='ocrx_word' id='word_1_14' title='bbox 504 518 605 562; x_wconf 91' lang='lat' dir='ltr'>silet</span> <span class='ocrx_word' id='word_1_15' title='bbox 636 518 817 562; x_wconf 85' lang='lat' dir='ltr'>Plinius.</span> <span class='ocrx_word' id='word_1_16' title='bbox 1391 523 1395 527; x_wconf 73' lang='grc'><strong><em>’</em></strong></span> 
     </span>
    </p>
   </div>
   <div class='ocr_carea' id='block_1_3' title="bbox 822 686 1204 730">
    <p class='ocr_par' dir='ltr' id='par_1_3' title="bbox 822 686 1204 730">
     <span class='ocr_line' id='line_1_4' title="bbox 822 686 1204 730; baseline 0 0"><span class='ocrx_word' id='word_1_17' title='bbox 822 687 866 730; x_wconf 83' lang='lat' dir='ltr'>C.</span> <span class='ocrx_word' id='word_1_18' title='bbox 900 686 1115 730; x_wconf 90' lang='lat' dir='ltr'>XXXIX.</span> <span class='ocrx_word' id='word_1_19' title='bbox 1202 692 1204 694; x_wconf 83' lang='grc'><strong>’</strong></span> 
     </span>
    </p>
   </div>
   <div class='ocr_carea' id='block_1_4' title="bbox 214 780 1722 1690">
    <p class='ocr_par' dir='ltr' id='par_1_4' title="bbox 217 780 1722 1261">
     <span class='ocr_line' id='line_1_5' title="bbox 217 780 1721 836; baseline 0.002 -14"><span class='ocrx_word' id='word_1_20' title='bbox 217 781 274 823; x_wconf 92' lang='grc' dir='ltr'>Μ.</span> <span class='ocrx_word' id='word_1_21' title='bbox 308 780 373 823; x_wconf 95' lang='grc' dir='ltr'>ΡΙ.</span> <span class='ocrx_word' id='word_1_22' title='bbox 408 784 478 836; x_wconf 86' lang='grc'>40,</span> <span class='ocrx_word' id='word_1_23' title='bbox 515 785 558 823; x_wconf 91' lang='lat'>7:</span> <span class='ocrx_word' id='word_1_24' title='bbox 602 781 659 824; x_wconf 90' lang='lat' dir='ltr'>ad</span> <span class='ocrx_word' id='word_1_25' title='bbox 696 782 810 825; x_wconf 89' lang='lat' dir='ltr'>hunc</span> <span class='ocrx_word' id='word_1_26' title='bbox 848 784 995 825; x_wconf 90' lang='lat' dir='ltr'>autem</span> <span class='ocrx_word' id='word_1_27' title='bbox 1032 782 1228 824; x_wconf 89' lang='lat' dir='ltr'>morbum</span> <span class='ocrx_word' id='word_1_28' title='bbox 1262 781 1375 824; x_wconf 87' lang='lat' dir='ltr'>facit</span> <span class='ocrx_word' id='word_1_29' title='bbox 1406 781 1570 835; x_wconf 88' lang='lat' dir='ltr'>optime</span> <span class='ocrx_word' id='word_1_30' title='bbox 1601 782 1721 835; x_wconf 91' lang='lat' dir='ltr'>potio</span> 
     </span>
     <span class='ocr_line' id='line_1_6' title="bbox 431 852 1722 907; baseline 0.001 -12"><span class='ocrx_word' id='word_1_31' title='bbox 431 853 561 895; x_wconf 88' lang='lat' dir='ltr'>haec:</span> <span class='ocrx_word' id='word_1_32' title='bbox 614 867 740 897; x_wconf 91' lang='lat' dir='ltr'>ovum</span> <span class='ocrx_word' id='word_1_33' title='bbox 789 853 968 896; x_wconf 90' lang='lat' dir='ltr'>crudum</span> <span class='ocrx_word' id='word_1_34' title='bbox 1008 853 1054 896; x_wconf 90' lang='lat' dir='ltr'>in</span> <span class='ocrx_word' id='word_1_35' title='bbox 1091 865 1199 897; x_wconf 87' lang='lat' dir='ltr'>vaso</span> <span class='ocrx_word' id='word_1_36' title='bbox 1254 852 1466 907; x_wconf 87' lang='lat' dir='ltr'>funditur,</span> <span class='ocrx_word' id='word_1_37' title='bbox 1512 856 1722 907; x_wconf 85' lang='lat' dir='ltr'>putamen</span> 
     </span>
     <span class='ocr_line' id='line_1_7' title="bbox 432 922 1721 977; baseline 0.002 -12"><span class='ocrx_word' id='word_1_38' title='bbox 432 922 523 966; x_wconf 88' lang='lat' dir='ltr'>eius</span> <span class='ocrx_word' id='word_1_39' title='bbox 568 924 765 977; x_wconf 86' lang='lat' dir='ltr'>repletur</span> <span class='ocrx_word' id='word_1_40' title='bbox 788 925 910 967; x_wconf 90' lang='lat' dir='ltr'>&#39;suco</span> <span class='ocrx_word' id='word_1_41' title='bbox 957 923 1169 966; x_wconf 90' lang='lat' dir='ltr'>marrubii</span> <span class='ocrx_word' id='word_1_42' title='bbox 1212 926 1347 976; x_wconf 90' lang='lat' dir='ltr'>atque</span> <span class='ocrx_word' id='word_1_43' title='bbox 1390 923 1436 966; x_wconf 91' lang='lat' dir='ltr'>in</span> <span class='ocrx_word' id='word_1_44' title='bbox 1479 924 1596 966; x_wconf 91' lang='lat' dir='ltr'>idem</span> <span class='ocrx_word' id='word_1_45' title='bbox 1640 937 1721 967; x_wconf 89' lang='lat' dir='ltr'>vas</span> 
     </span>
     <span class='ocr_line' id='line_1_8' title="bbox 432 994 1721 1051; baseline 0 -13"><span class='ocrx_word' id='word_1_46' title='bbox 432 995 626 1051; x_wconf 79' lang='lat' dir='ltr'>coicitur,</span> <span class='ocrx_word' id='word_1_47' title='bbox 668 995 775 1040; x_wconf 91' lang='lat' dir='ltr'>item</span> <span class='ocrx_word' id='word_1_48' title='bbox 811 995 1009 1051; x_wconf 88' lang='lat' dir='ltr'>repletur</span> <span class='ocrx_word' id='word_1_49' title='bbox 1045 994 1173 1039; x_wconf 90' lang='lat' dir='ltr'>melle</span> <span class='ocrx_word' id='word_1_50' title='bbox 1213 998 1258 1038; x_wconf 90' lang='lat' dir='ltr'>et</span> <span class='ocrx_word' id='word_1_51' title='bbox 1307 994 1510 1038; x_wconf 90' lang='lat' dir='ltr'>similiter</span> <span class='ocrx_word' id='word_1_52' title='bbox 1546 994 1607 1038; x_wconf 90' lang='lat' dir='ltr'>ibi</span> <span class='ocrx_word' id='word_1_53' title='bbox 1648 994 1721 1038; x_wconf 88' lang='lat' dir='ltr'>ad-</span> 
     </span>
     <span class='ocr_line' id='line_1_9' title="bbox 429 1066 1721 1120; baseline 0 -11"><span class='ocrx_word' id='word_1_54' title='bbox 429 1066 560 1109; x_wconf 89' lang='lat' dir='ltr'>icitur</span> <span class='ocrx_word' id='word_1_55' title='bbox 600 1070 646 1109; x_wconf 90' lang='lat' dir='ltr'>et</span> <span class='ocrx_word' id='word_1_56' title='bbox 691 1067 757 1109; x_wconf 90' lang='lat' dir='ltr'>ita</span> <span class='ocrx_word' id='word_1_57' title='bbox 794 1067 1014 1120; x_wconf 81' lang='lat' dir='ltr'>permixta</span> <span class='ocrx_word' id='word_1_58' title='bbox 1061 1067 1370 1118; x_wconf 85' lang='lat' dir='ltr'>calefactaque</span> <span class='ocrx_word' id='word_1_59' title='bbox 1418 1068 1476 1108; x_wconf 89' lang='lat' dir='ltr'>ad</span> <span class='ocrx_word' id='word_1_60' title='bbox 1523 1071 1721 1120; x_wconf 88' lang='lat' dir='ltr'>teporem</span> 
     </span>
     <span class='ocr_line' id='line_1_10' title="bbox 429 1137 1720 1193; baseline -0.001 -12"><span class='ocrx_word' id='word_1_61' title='bbox 429 1138 539 1182; x_wconf 89' lang='lat' dir='ltr'>haec</span> <span class='ocrx_word' id='word_1_62' title='bbox 605 1139 766 1182; x_wconf 90' lang='lat' dir='ltr'>hausta</span> <span class='ocrx_word' id='word_1_63' title='bbox 827 1137 1042 1183; x_wconf 87' lang='lat' dir='ltr'>vomicam</span> <span class='ocrx_word' id='word_1_64' title='bbox 1108 1140 1328 1192; x_wconf 87' lang='lat' dir='ltr'>rumpunt,</span> <span class='ocrx_word' id='word_1_65' title='bbox 1392 1141 1597 1193; x_wconf 86' lang='lat' dir='ltr'>purgant,</span> <span class='ocrx_word' id='word_1_66' title='bbox 1662 1137 1720 1180; x_wconf 90' lang='lat' dir='ltr'>ad</span> 
     </span>
     <span class='ocr_line' id='line_1_11' title="bbox 428 1199 955 1261; baseline 0.002 -11"><span class='ocrx_word' id='word_1_67' title='bbox 428 1199 666 1251; x_wconf 86' lang='lat' dir='ltr'>sanitatem</span> <span class='ocrx_word' id='word_1_68' title='bbox 697 1210 955 1261; x_wconf 88' lang='lat' dir='ltr'>perducunt.</span> 
     </span>
    </p>

    <p class='ocr_par' dir='ltr' id='par_1_5' title="bbox 215 1278 1617 1334">
     <span class='ocr_line' id='line_1_12' title="bbox 215 1278 1617 1334; baseline 0.001 -13"><span class='ocrx_word' id='word_1_69' title='bbox 215 1278 307 1322; x_wconf 84' lang='lat' dir='ltr'>Ser.</span> <span class='ocrx_word' id='word_1_70' title='bbox 331 1293 373 1324; x_wconf 84' lang='lat' dir='ltr'>v.</span> <span class='ocrx_word' id='word_1_71' title='bbox 399 1284 501 1323; x_wconf 88' lang='lat'>750:</span> <span class='ocrx_word' id='word_1_72' title='bbox 537 1280 676 1324; x_wconf 88' lang='lat' dir='ltr'>Ovum</span> <span class='ocrx_word' id='word_1_73' title='bbox 708 1279 924 1324; x_wconf 82' lang='lat' dir='ltr'>defundes</span> <span class='ocrx_word' id='word_1_74' title='bbox 956 1279 1001 1323; x_wconf 96' lang='grc'>111</span> <span class='ocrx_word' id='word_1_75' title='bbox 1032 1278 1182 1334; x_wconf 83' lang='grc'>1161116,</span> <span class='ocrx_word' id='word_1_76' title='bbox 1216 1278 1375 1323; x_wconf 91' lang='lat' dir='ltr'>deinde</span> <span class='ocrx_word' id='word_1_77' title='bbox 1407 1282 1617 1334; x_wconf 86' lang='lat' dir='ltr'>putamen</span> 
     </span>
    </p>

    <p class='ocr_par' dir='ltr' id='par_1_6' title="bbox 535 1351 1640 1405">
     <span class='ocr_line' id='line_1_13' title="bbox 535 1351 1640 1405; baseline 0.001 -13"><span class='ocrx_word' id='word_1_78' title='bbox 535 1351 748 1394; x_wconf 87' lang='lat' dir='ltr'>Marrubii</span> <span class='ocrx_word' id='word_1_79' title='bbox 780 1364 882 1394; x_wconf 88' lang='lat' dir='ltr'>suco</span> <span class='ocrx_word' id='word_1_80' title='bbox 913 1351 1128 1405; x_wconf 81' lang='lat' dir='ltr'>implebis,</span> <span class='ocrx_word' id='word_1_81' title='bbox 1161 1354 1263 1404; x_wconf 88' lang='lat' dir='ltr'>post</span> <span class='ocrx_word' id='word_1_82' title='bbox 1294 1352 1423 1393; x_wconf 89' lang='lat' dir='ltr'>melle</span> <span class='ocrx_word' id='word_1_83' title='bbox 1454 1351 1640 1403; x_wconf 90' lang='lat' dir='ltr'>liquenti</span> 
     </span>
    </p>

    <p class='ocr_par' dir='ltr' id='par_1_7' title="bbox 536 1421 1563 1477">
     <span class='ocr_line' id='line_1_14' title="bbox 536 1421 1563 1477; baseline -0.001 -11"><span class='ocrx_word' id='word_1_84' title='bbox 536 1422 692 1467; x_wconf 91' lang='lat' dir='ltr'>Omnia</span> <span class='ocrx_word' id='word_1_85' title='bbox 725 1422 979 1466; x_wconf 88' lang='lat' dir='ltr'>consociata</span> <span class='ocrx_word' id='word_1_86' title='bbox 1010 1421 1182 1477; x_wconf 91' lang='lat' dir='ltr'>tepenti</span> <span class='ocrx_word' id='word_1_87' title='bbox 1212 1434 1425 1477; x_wconf 86' lang='lat' dir='ltr'>prospera</span> <span class='ocrx_word' id='word_1_88' title='bbox 1456 1425 1563 1476; x_wconf 90' lang='lat' dir='ltr'>potu</span> 
     </span>
    </p>

    <p class='ocr_par' dir='ltr' id='par_1_8' title="bbox 536 1494 1717 1618">
     <span class='ocr_line' id='line_1_15' title="bbox 536 1494 1717 1548; baseline 0 -11"><span class='ocrx_word' id='word_1_89' title='bbox 536 1494 791 1537; x_wconf 85' lang='lat' dir='ltr'>Sumantur:</span> <span class='ocrx_word' id='word_1_90' title='bbox 856 1497 1145 1547; x_wconf 88' lang='lat' dir='ltr'>reserantque</span> <span class='ocrx_word' id='word_1_91' title='bbox 1211 1494 1372 1536; x_wconf 89' lang='lat' dir='ltr'>malum</span> <span class='ocrx_word' id='word_1_92' title='bbox 1439 1498 1717 1548; x_wconf 82' lang='lat' dir='ltr'>purgantque</span> 
     </span>
     <span class='ocr_line' id='line_1_16' title="bbox 713 1565 964 1618; baseline 0.004 -11"><span class='ocrx_word' id='word_1_93' title='bbox 713 1565 964 1618; x_wconf 83' lang='lat' dir='ltr'>levantque.</span> 
     </span>
    </p>

    <p class='ocr_par' dir='ltr' id='par_1_9' title="bbox 214 1635 653 1690">
     <span class='ocr_line' id='line_1_17' title="bbox 214 1635 653 1690; baseline 0.005 -13"><span class='ocrx_word' id='word_1_94' title='bbox 214 1635 270 1678; x_wconf 74' lang='lat' dir='ltr'>cf.</span> <span class='ocrx_word' id='word_1_95' title='bbox 303 1635 415 1679; x_wconf 85' lang='lat' dir='ltr'>Plin.</span> <span class='ocrx_word' id='word_1_96' title='bbox 450 1640 520 1690; x_wconf 90' lang='lat'>20,</span> <span class='ocrx_word' id='word_1_97' title='bbox 554 1640 653 1679; x_wconf 87' lang='lat'>244.</span> 
     </span>
    </p>
   </div>
   <div class='ocr_carea' id='block_1_5' title="bbox 186 1719 1716 2047">
    <p class='ocr_par' dir='ltr' id='par_1_10' title="bbox 186 1719 1716 2047">
     <span class='ocr_line' id='line_1_18' title="bbox 331 1719 1716 1777; baseline 0.001 -16"><span class='ocrx_word' id='word_1_98' title='bbox 331 1719 501 1762; x_wconf 89' lang='lat' dir='ltr'>Roseus</span> <span class='ocrx_word' id='word_1_99' title='bbox 530 1722 664 1774; x_wconf 89' lang='lat' dir='ltr'>errat,</span> <span class='ocrx_word' id='word_1_100' title='bbox 695 1732 791 1762; x_wconf 92' lang='lat' dir='ltr'>cum</span> <span class='ocrx_word' id='word_1_101' title='bbox 818 1719 927 1762; x_wconf 90' lang='lat' dir='ltr'>dicit</span> <span class='ocrx_word' id='word_1_102' title='bbox 955 1719 1020 1775; x_wconf 89' lang='lat' dir='ltr'>(in</span> <span class='ocrx_word' id='word_1_103' title='bbox 1049 1719 1242 1762; x_wconf 87' lang='lat' dir='ltr'>Hermae</span> <span class='ocrx_word' id='word_1_104' title='bbox 1262 1719 1347 1763; x_wconf 84' lang='lat' dir='ltr'>vol.</span> <span class='ocrx_word' id='word_1_105' title='bbox 1369 1720 1491 1774; x_wconf 92' lang='lat' dir='ltr'>VIII,</span> <span class='ocrx_word' id='word_1_106' title='bbox 1512 1733 1553 1773; x_wconf 92' lang='lat' dir='ltr'>p.</span> <span class='ocrx_word' id='word_1_107' title='bbox 1577 1724 1647 1775; x_wconf 91' lang='lat'>23,</span> <span class='ocrx_word' id='word_1_108' title='bbox 1670 1720 1716 1777; x_wconf 87' lang='lat'>2)</span> 
     </span>
     <span class='ocr_line' id='line_1_19' title="bbox 186 1789 1714 1844; baseline 0.002 -12"><span class='ocrx_word' id='word_1_109' title='bbox 186 1790 326 1833; x_wconf 89' lang='lat' dir='ltr'>-hanc</span> <span class='ocrx_word' id='word_1_110' title='bbox 364 1789 584 1844; x_wconf 91' lang='lat' dir='ltr'>potionem</span> <span class='ocrx_word' id='word_1_111' title='bbox 623 1803 719 1834; x_wconf 89' lang='lat' dir='ltr'>esse</span> <span class='ocrx_word' id='word_1_112' title='bbox 761 1792 816 1833; x_wconf 87' lang='lat' dir='ltr'>ab</span> <span class='ocrx_word' id='word_1_113' title='bbox 855 1793 1036 1834; x_wconf 91' lang='lat' dir='ltr'>auctore</span> <span class='ocrx_word' id='word_1_114' title='bbox 1073 1789 1304 1833; x_wconf 88' lang='lat' dir='ltr'>Plinianae</span> <span class='ocrx_word' id='word_1_115' title='bbox 1346 1790 1441 1844; x_wconf 90' lang='lat' dir='ltr'>ipso</span> <span class='ocrx_word' id='word_1_116' title='bbox 1474 1790 1714 1835; x_wconf 88' lang='lat' dir='ltr'>inventam.</span> 
     </span>
     <span class='ocr_line' id='line_1_20' title="bbox 212 1860 1715 1916; baseline 0.001 -12"><span class='ocrx_word' id='word_1_117' title='bbox 212 1860 454 1916; x_wconf 82' lang='lat' dir='ltr'>Quaerenti</span> <span class='ocrx_word' id='word_1_118' title='bbox 495 1861 609 1905; x_wconf 91' lang='lat' dir='ltr'>enim</span> <span class='ocrx_word' id='word_1_119' title='bbox 646 1861 814 1905; x_wconf 88' lang='lat' dir='ltr'>fontem</span> <span class='ocrx_word' id='word_1_120' title='bbox 851 1861 1178 1916; x_wconf 87' lang='lat' dir='ltr'>compositionis</span> <span class='ocrx_word' id='word_1_121' title='bbox 1218 1861 1324 1904; x_wconf 87' lang='lat' dir='ltr'>mihi</span> <span class='ocrx_word' id='word_1_122' title='bbox 1356 1861 1525 1905; x_wconf 90' lang='lat' dir='ltr'>Plinius</span> <span class='ocrx_word' id='word_1_123' title='bbox 1567 1875 1614 1906; x_wconf 88' lang='lat' dir='ltr'>se</span> <span class='ocrx_word' id='word_1_124' title='bbox 1647 1864 1715 1906; x_wconf 93' lang='lat' dir='ltr'>ob-</span> 
     </span>
     <span class='ocr_line' id='line_1_21' title="bbox 211 1932 1714 1989; baseline 0.002 -15"><span class='ocrx_word' id='word_1_125' title='bbox 211 1932 335 1985; x_wconf 89' lang='lat' dir='ltr'>tulit;</span> <span class='ocrx_word' id='word_1_126' title='bbox 369 1933 441 1986; x_wconf 91' lang='lat' dir='ltr'>qui</span> <span class='ocrx_word' id='word_1_127' title='bbox 472 1933 518 1976; x_wconf 86' lang='grc'>111</span> <span class='ocrx_word' id='word_1_128' title='bbox 548 1933 622 1977; x_wconf 93' lang='lat' dir='ltr'>lib.</span> <span class='ocrx_word' id='word_1_129' title='bbox 654 1934 756 1988; x_wconf 90' lang='lat' dir='ltr'>XX,</span> <span class='ocrx_word' id='word_1_130' title='bbox 791 1937 878 1976; x_wconf 91' lang='lat'>244</span> <span class='ocrx_word' id='word_1_131' title='bbox 909 1934 1001 1976; x_wconf 90' lang='lat' dir='ltr'>tale</span> <span class='ocrx_word' id='word_1_132' title='bbox 1034 1933 1137 1986; x_wconf 91' lang='lat' dir='ltr'>quid</span> <span class='ocrx_word' id='word_1_133' title='bbox 1169 1933 1318 1988; x_wconf 88' lang='lat' dir='ltr'>habet,</span> <span class='ocrx_word' id='word_1_134' title='bbox 1352 1936 1402 1976; x_wconf 88' lang='lat' dir='ltr'>ut</span> <span class='ocrx_word' id='word_1_135' title='bbox 1433 1933 1529 1976; x_wconf 90' lang='lat' dir='ltr'>fieri</span> <span class='ocrx_word' id='word_1_136' title='bbox 1561 1934 1714 1989; x_wconf 87' lang='lat' dir='ltr'>possit,</span> 
     </span>
     <span class='ocr_line' id='line_1_22' title="bbox 211 2004 1516 2047; baseline 0.001 -2"><span class='ocrx_word' id='word_1_137' title='bbox 211 2006 261 2045; x_wconf 95' lang='lat' dir='ltr'>ut</span> <span class='ocrx_word' id='word_1_138' title='bbox 293 2007 447 2046; x_wconf 90' lang='lat' dir='ltr'>auctor</span> <span class='ocrx_word' id='word_1_139' title='bbox 479 2004 725 2047; x_wconf 88' lang='lat' dir='ltr'>Medicinae</span> <span class='ocrx_word' id='word_1_140' title='bbox 756 2005 822 2047; x_wconf 90' lang='lat' dir='ltr'>Pl.</span> <span class='ocrx_word' id='word_1_141' title='bbox 855 2004 919 2047; x_wconf 90' lang='lat' dir='ltr'>illi</span> <span class='ocrx_word' id='word_1_142' title='bbox 951 2005 1033 2047; x_wconf 89' lang='lat' dir='ltr'>hoc</span> <span class='ocrx_word' id='word_1_143' title='bbox 1066 2004 1307 2047; x_wconf 90' lang='lat' dir='ltr'>remedium</span> <span class='ocrx_word' id='word_1_144' title='bbox 1340 2004 1516 2047; x_wconf 87' lang='lat' dir='ltr'>debeat.</span> 
     </span>
    </p>
   </div>
   <div class='ocr_carea' id='block_1_6' title="bbox 873 2183 1049 2226">
    <p class='ocr_par' dir='ltr' id='par_1_11' title="bbox 873 2183 1049 2226">
     <span class='ocr_line' id='line_1_23' title="bbox 873 2183 1049 2226; baseline -0.011 0"><span class='ocrx_word' id='word_1_145' title='bbox 873 2183 919 2226; x_wconf 81' lang='lat' dir='ltr'>G.</span> <span class='ocrx_word' id='word_1_146' title='bbox 952 2183 1049 2225; x_wconf 91' lang='lat' dir='ltr'>XL.</span> 
     </span>
    </p>
   </div>
   <div class='ocr_carea' id='block_1_7' title="bbox 170 2276 1540 2476">
    <p class='ocr_par' dir='ltr' id='par_1_12' title="bbox 170 2276 1540 2476">
     <span class='ocr_line' id='line_1_24' title="bbox 170 2276 1540 2331; baseline 0.003 -14"><span class='ocrx_word' id='word_1_147' title='bbox 170 2285 174 2289; x_wconf 80' lang='grc'><strong>’</strong></span> <span class='ocrx_word' id='word_1_148' title='bbox 213 2276 271 2318; x_wconf 91' lang='grc' dir='ltr'>Μ.</span> <span class='ocrx_word' id='word_1_149' title='bbox 305 2277 370 2319; x_wconf 92' lang='lat' dir='ltr'>Pl.</span> <span class='ocrx_word' id='word_1_150' title='bbox 406 2281 475 2331; x_wconf 88' lang='lat'>97,</span> <span class='ocrx_word' id='word_1_151' title='bbox 509 2282 585 2320; x_wconf 91' lang='lat'>22:</span> <span class='ocrx_word' id='word_1_152' title='bbox 619 2278 802 2321; x_wconf 87' lang='lat' dir='ltr'>Vermes</span> <span class='ocrx_word' id='word_1_153' title='bbox 833 2277 1003 2320; x_wconf 86' lang='lat' dir='ltr'>terreni</span> <span class='ocrx_word' id='word_1_154' title='bbox 1035 2290 1089 2319; x_wconf 86' lang='lat' dir='ltr'>ex</span> <span class='ocrx_word' id='word_1_155' title='bbox 1122 2280 1249 2320; x_wconf 87' lang='lat' dir='ltr'>aceto</span> <span class='ocrx_word' id='word_1_156' title='bbox 1282 2276 1540 2321; x_wconf 89' lang='lat' dir='ltr'>inlinuntur.</span> 
     </span>
     <span class='ocr_line' id='line_1_25' title="bbox 213 2346 1540 2393; baseline 0.001 -4"><span class='ocrx_word' id='word_1_157' title='bbox 213 2346 306 2391; x_wconf 86' lang='lat' dir='ltr'>Ser.</span> <span class='ocrx_word' id='word_1_158' title='bbox 330 2360 371 2392; x_wconf 88' lang='lat' dir='ltr'>v.</span> <span class='ocrx_word' id='word_1_159' title='bbox 397 2351 500 2391; x_wconf 87' lang='lat'>759:</span> <span class='ocrx_word' id='word_1_160' title='bbox 534 2349 791 2393; x_wconf 88' lang='lat' dir='ltr'>Lumbricos</span> <span class='ocrx_word' id='word_1_161' title='bbox 823 2352 973 2392; x_wconf 89' lang='lat' dir='ltr'>terrae</span> <span class='ocrx_word' id='word_1_162' title='bbox 1004 2348 1164 2391; x_wconf 87' lang='lat' dir='ltr'>mixtos</span> <span class='ocrx_word' id='word_1_163' title='bbox 1196 2348 1366 2391; x_wconf 86' lang='lat' dir='ltr'>inducis</span> <span class='ocrx_word' id='word_1_164' title='bbox 1399 2352 1540 2391; x_wconf 90' lang='lat' dir='ltr'>aceto.</span> 
     </span>
     <span class='ocr_line' id='line_1_26' title="bbox 215 2418 611 2476; baseline 0.005 -14"><span class='ocrx_word' id='word_1_165' title='bbox 215 2418 271 2463; x_wconf 79' lang='lat' dir='ltr'>cf.</span> <span class='ocrx_word' id='word_1_166' title='bbox 305 2420 371 2463; x_wconf 90' lang='lat' dir='ltr'>Pl.</span> <span class='ocrx_word' id='word_1_167' title='bbox 407 2424 477 2476; x_wconf 88' lang='lat'>30,</span> <span class='ocrx_word' id='word_1_168' title='bbox 514 2424 611 2464; x_wconf 87' lang='grc'>106.</span> 
     </span>
    </p>
   </div>
   <div class='ocr_carea' id='block_1_8' title="bbox 212 2502 1713 2701">
    <p class='ocr_par' dir='ltr' id='par_1_13' title="bbox 212 2502 1713 2701">
     <span class='ocr_line' id='line_1_27' title="bbox 212 2502 1386 2559; baseline 0 -13"><span class='ocrx_word' id='word_1_169' title='bbox 212 2504 270 2547; x_wconf 92' lang='grc' dir='ltr'>Μ.</span> <span class='ocrx_word' id='word_1_170' title='bbox 303 2505 369 2548; x_wconf 93' lang='lat' dir='ltr'>Pl.</span> <span class='ocrx_word' id='word_1_171' title='bbox 405 2508 474 2559; x_wconf 87' lang='lat'>98,</span> <span class='ocrx_word' id='word_1_172' title='bbox 508 2509 553 2546; x_wconf 92' lang='lat'>2:</span> <span class='ocrx_word' id='word_1_173' title='bbox 587 2506 690 2547; x_wconf 89' lang='lat' dir='ltr'>ruta</span> <span class='ocrx_word' id='word_1_174' title='bbox 722 2516 777 2547; x_wconf 87' lang='lat' dir='ltr'>ex</span> <span class='ocrx_word' id='word_1_175' title='bbox 808 2507 936 2547; x_wconf 89' lang='lat' dir='ltr'>aceto</span> <span class='ocrx_word' id='word_1_176' title='bbox 970 2506 1015 2546; x_wconf 89' lang='lat' dir='ltr'>et</span> <span class='ocrx_word' id='word_1_177' title='bbox 1047 2503 1142 2546; x_wconf 94' lang='lat' dir='ltr'>oleo</span> <span class='ocrx_word' id='word_1_178' title='bbox 1174 2502 1386 2546; x_wconf 90' lang='lat' dir='ltr'>inlinitur.</span> 
     </span>
     <span class='ocr_line' id='line_1_28' title="bbox 214 2574 1713 2630; baseline -0.002 -10"><span class='ocrx_word' id='word_1_179' title='bbox 214 2577 307 2620; x_wconf 85' lang='lat' dir='ltr'>Ser.</span> <span class='ocrx_word' id='word_1_180' title='bbox 330 2590 372 2621; x_wconf 87' lang='lat' dir='ltr'>v.</span> <span class='ocrx_word' id='word_1_181' title='bbox 399 2580 501 2620; x_wconf 89' lang='lat'>760:</span> <span class='ocrx_word' id='word_1_182' title='bbox 535 2576 626 2619; x_wconf 91' lang='lat' dir='ltr'>Aut</span> <span class='ocrx_word' id='word_1_183' title='bbox 653 2575 784 2630; x_wconf 87' lang='lat' dir='ltr'>parili</span> <span class='ocrx_word' id='word_1_184' title='bbox 808 2588 923 2619; x_wconf 90' lang='lat' dir='ltr'>nova</span> <span class='ocrx_word' id='word_1_185' title='bbox 954 2578 1057 2617; x_wconf 89' lang='lat' dir='ltr'>ruta</span> <span class='ocrx_word' id='word_1_186' title='bbox 1083 2575 1224 2629; x_wconf 92' lang='lat' dir='ltr'>modo,</span> <span class='ocrx_word' id='word_1_187' title='bbox 1249 2574 1327 2617; x_wconf 89' lang='lat' dir='ltr'>sed</span> <span class='ocrx_word' id='word_1_188' title='bbox 1358 2574 1502 2628; x_wconf 88' lang='lat' dir='ltr'>iungis</span> <span class='ocrx_word' id='word_1_189' title='bbox 1534 2574 1713 2627; x_wconf 82' lang='lat' dir='ltr'>olivum3</span> 
     </span>
     <span class='ocr_line' id='line_1_29' title="bbox 213 2646 651 2701; baseline -0.002 -11"><span class='ocrx_word' id='word_1_190' title='bbox 213 2646 270 2690; x_wconf 87' lang='lat' dir='ltr'>cf.</span> <span class='ocrx_word' id='word_1_191' title='bbox 302 2646 414 2689; x_wconf 93' lang='lat' dir='ltr'>Plin.</span> <span class='ocrx_word' id='word_1_192' title='bbox 449 2650 519 2701; x_wconf 90' lang='lat'>20,</span> <span class='ocrx_word' id='word_1_193' title='bbox 555 2649 651 2689; x_wconf 91' lang='grc'>141.</span> 
     </span>
    </p>
   </div>
   <div class='ocr_carea' id='block_1_9' title="bbox 212 2726 1715 2998">
    <p class='ocr_par' dir='ltr' id='par_1_14' title="bbox 212 2726 1715 2855">
     <span class='ocr_line' id='line_1_30' title="bbox 212 2726 1715 2784; baseline -0.003 -12"><span class='ocrx_word' id='word_1_194' title='bbox 212 2730 270 2772; x_wconf 93' lang='lat' dir='ltr'>M.</span> <span class='ocrx_word' id='word_1_195' title='bbox 304 2729 369 2772; x_wconf 93' lang='lat' dir='ltr'>Pl.</span> <span class='ocrx_word' id='word_1_196' title='bbox 405 2732 474 2784; x_wconf 86' lang='lat'>98,</span> <span class='ocrx_word' id='word_1_197' title='bbox 511 2732 554 2771; x_wconf 87' lang='lat'>7:</span> <span class='ocrx_word' id='word_1_198' title='bbox 601 2740 686 2772; x_wconf 88' lang='lat' dir='ltr'>ova</span> <span class='ocrx_word' id='word_1_199' title='bbox 730 2730 857 2771; x_wconf 89' lang='lat' dir='ltr'>cocta</span> <span class='ocrx_word' id='word_1_200' title='bbox 900 2726 1012 2770; x_wconf 87' lang='lat' dir='ltr'>trita</span> <span class='ocrx_word' id='word_1_201' title='bbox 1056 2739 1152 2770; x_wconf 92' lang='lat' dir='ltr'>cum</span> <span class='ocrx_word' id='word_1_202' title='bbox 1200 2727 1294 2769; x_wconf 92' lang='lat' dir='ltr'>oleo</span> <span class='ocrx_word' id='word_1_203' title='bbox 1341 2726 1622 2780; x_wconf 90' lang='lat' dir='ltr'>imponuntur</span> <span class='ocrx_word' id='word_1_204' title='bbox 1669 2731 1715 2769; x_wconf 87' lang='lat' dir='ltr'>et</span> 
     </span>
     <span class='ocr_line' id='line_1_31' title="bbox 354 2789 997 2855; baseline -0.003 -11"><span class='ocrx_word' id='word_1_205' title='bbox 354 2789 356 2791; x_wconf 30' lang='lat'><strong><em>¹</em></strong></span> <span class='ocrx_word' id='word_1_206' title='bbox 429 2799 683 2855; x_wconf 90' lang='lat' dir='ltr'>operiuntur</span> <span class='ocrx_word' id='word_1_207' title='bbox 714 2798 819 2843; x_wconf 87' lang='lat' dir='ltr'>folio</span> <span class='ocrx_word' id='word_1_208' title='bbox 851 2800 997 2854; x_wconf 91' lang='lat' dir='ltr'>betae,</span> 
     </span>
    </p>

    <p class='ocr_par' dir='ltr' id='par_1_15' title="bbox 214 2868 1711 2924">
     <span class='ocr_line' id='line_1_32' title="bbox 214 2868 1711 2924; baseline -0.001 -10"><span class='ocrx_word' id='word_1_209' title='bbox 214 2871 307 2914; x_wconf 85' lang='lat' dir='ltr'>Ser.</span> <span class='ocrx_word' id='word_1_210' title='bbox 338 2885 380 2916; x_wconf 89' lang='lat' dir='ltr'>v.</span> <span class='ocrx_word' id='word_1_211' title='bbox 416 2874 518 2914; x_wconf 89' lang='lat'>761:</span> <span class='ocrx_word' id='word_1_212' title='bbox 554 2869 735 2924; x_wconf 84' lang='lat' dir='ltr'>Ovaque</span> <span class='ocrx_word' id='word_1_213' title='bbox 767 2883 863 2915; x_wconf 91' lang='lat' dir='ltr'>cum</span> <span class='ocrx_word' id='word_1_214' title='bbox 894 2869 1010 2913; x_wconf 88' lang='lat' dir='ltr'>betis</span> <span class='ocrx_word' id='word_1_215' title='bbox 1041 2872 1224 2924; x_wconf 86' lang='lat' dir='ltr'>prosunt</span> <span class='ocrx_word' id='word_1_216' title='bbox 1256 2881 1386 2923; x_wconf 88' lang='lat' dir='ltr'>super</span> <span class='ocrx_word' id='word_1_217' title='bbox 1417 2868 1546 2911; x_wconf 85' lang='lat' dir='ltr'>inlita</span> <span class='ocrx_word' id='word_1_218' title='bbox 1577 2868 1711 2912; x_wconf 86' lang='lat' dir='ltr'>tritis.</span> 
     </span>
    </p>

    <p class='ocr_par' dir='ltr' id='par_1_16' title="bbox 213 2942 622 2998">
     <span class='ocr_line' id='line_1_33' title="bbox 213 2942 622 2998; baseline 0 -13"><span class='ocrx_word' id='word_1_219' title='bbox 213 2942 269 2985; x_wconf 86' lang='lat' dir='ltr'>cf.</span> <span class='ocrx_word' id='word_1_220' title='bbox 302 2942 414 2986; x_wconf 92' lang='lat' dir='ltr'>Plin.</span> <span class='ocrx_word' id='word_1_221' title='bbox 449 2946 519 2998; x_wconf 88' lang='lat'>29,</span> <span class='ocrx_word' id='word_1_222' title='bbox 551 2945 622 2985; x_wconf 93' lang='lat'>40.</span> 
     </span>
    </p>
   </div>
  </div>
 </body>
</html>
