1947 3391
1664 299 1743 348 35

242 438 335 484 Ser.
358 454 399 484 v.
427 442 536 483 1021
554 456 561 482 :
595 439 687 483 Aut
705 438 819 493 lapis
837 453 891 483 ex
907 438 1023 494 nido,
1043 453 1159 494 vaga
1168 453 1293 493 quem
1306 440 1528 495 congessit
1544 441 1742 495 hirundo,

591 512 781 555 Vellitur
813 515 859 555 et
889 524 1004 556 nexu
1036 511 1160 556 fovet
1193 512 1444 566 attollitque
1476 512 1706 556 iacentem.

242 584 298 627 cf.
331 584 444 627 Plin.
480 588 549 639 30,
585 588 654 627 91.

885 681 930 724 O.
964 681 1101 724 LVII.

240 764 298 807 M.
331 763 398 806 Pl.
434 767 502 818 97,
538 767 582 806 9;
616 763 743 807 rubia
776 776 861 817 qua
892 763 1030 818 pelles
1070 763 1322 807 inficiuntur
1359 764 1404 807 in
1446 777 1561 818 aqua
1602 765 1742 808 mulsa

454 834 632 878 bibitur.

234 906 334 950 Ser.
358 920 399 951 v.
426 910 558 950 1026:
593 906 707 951 Huic
728 906 854 951 rubia
878 920 932 950 ex
954 907 1095 951 mulsa
1113 906 1256 950 fertur
1274 907 1516 951 conducere
1548 908 1740 962 lympha.

242 977 298 1022 cf.
332 978 444 1022 Plin.
479 982 549 1034 24,
584 982 652 1022 94.

241 1051 299 1093 M.
333 1051 397 1093 Pl.
433 1054 502 1105 97,
537 1055 582 1093 2:
618 1051 750 1094 alium
782 1051 935 1094 tritum
967 1051 1012 1094 in
1044 1051 1221 1105 potione
1253 1051 1345 1095 vini
1376 1051 1649 1106 propinatur.

241 1121 333 1164 Ser.
358 1135 398 1165 v.
426 1126 559 1164 1027:
593 1122 695 1165 Alia
727 1122 836 1165 trita
869 1123 995 1165 dabis
1028 1122 1128 1167 vino
1161 1122 1417 1166 madefacta
1451 1123 1628 1165 calenti.

242 1191 299 1235 cf.
332 1192 444 1235 Plin.
480 1196 549 1247 20,
585 1196 653 1236 52.

359 1263 634 1307 Attributum
680 1264 788 1307 illud
831 1264 1021 1319 ,calenti‘
1069 1263 1128 1320 (v.
1179 1263 1311 1320 1027)
1358 1264 1547 1307 Serenus
1595 1278 1618 1307 e
1663 1278 1739 1308 suo

240 1334 376 1388 ipsius
407 1335 582 1389 ingenio
615 1336 839 1378 addidisse
871 1336 1059 1379 videtur.

871 1466 916 1509 C.
949 1466 1110 1509 LVHI.

240 1549 298 1592 M.
332 1549 397 1592 Pl.
438 1553 508 1604 28,
552 1553 624 1592 16:
665 1549 835 1593 Dentes
888 1549 987 1603 equi
1040 1549 1111 1603 qui
1165 1549 1293 1603 primi
1349 1549 1514 1592 cadunt
1567 1550 1742 1605 alligati

456 1620 631 1664 facilem
664 1621 913 1664 dentionem
935 1624 1181 1675 praestant,
1209 1621 1362 1664 melius
1395 1621 1432 1663 si
1456 1624 1623 1664 terram
1655 1635 1741 1665 non

454 1696 658 1748 tangant.

241 1763 334 1806 Ser.
358 1777 399 1808 V.
427 1767 561 1807 1031:
597 1764 716 1807 Collo
748 1763 884 1818 igitur
915 1764 1033 1806 molli
1066 1764 1222 1806 dentes
1253 1767 1489 1806 nectentur
1521 1764 1680 1818 equini,

591 1835 675 1889 Qui
706 1834 833 1888 primi
866 1834 1033 1877 fuerint
1064 1835 1180 1887 pullo
1214 1838 1441 1878 crescente
1474 1835 1640 1878 caduci.

240 1907 296 1951 cf.
329 1907 441 1951 Plin.
476 1912 547 1963 28,
581 1911 680 1951 258.
1552 1919 1554 1921 ·

238 1980 297 2024 Μ.
320 1980 385 2024 Pl.
411 1983 480 2036 28,
507 1983 579 2023 18;
613 1979 731 2023 lacte
758 1978 936 2033 caprino
964 1981 1042 2021 aut
1071 1979 1266 2033 leporino
1291 1979 1505 2023 cerebello
1533 1978 1741 2034 gingivae

454 2051 765 2106 perfricantur.

239 2124 332 2168 Ser.
355 2137 397 2169 V.
424 2127 559 2167 1033:
593 2123 685 2166 Aut
715 2125 894 2166 teneras
927 2123 1106 2166 cerebro
1139 2121 1345 2178 gingivas
1376 2122 1512 2165 inline
1552 2155 1740 2165 .....

588 2195 679 2237 Aut
699 2194 882 2248 leporis3
913 2194 1098 2239 niveove
1120 2194 1336 2237 hirtarum
1352 2194 1471 2238 lacte
1491 2206 1737 2248 caprarum.

893 2325 939 2368 C.
973 2324 1091 2368 LIX.

236 2412 294 2455 M.
327 2410 393 2455 Pl.
427 2413 498 2466 84,
531 2412 576 2453 4:
610 2408 820 2454 hordeum
867 2411 1031 2452 tostum
1086 2407 1239 2450 tritum
1287 2420 1342 2450 ex
1395 2407 1507 2450 albis
1560 2420 1739 2451 ovorum

450 2482 602 2524 addito
636 2481 765 2535 adipe
799 2481 923 2524 suillo
955 2480 1135 2522 mirifice
1160 2479 1354 2532 prodest.

237 2554 330 2599 Ser.
345 2568 387 2600 v.
406 2556 517 2598 1047
534 2569 541 2597 :
561 2552 743 2597 Hordea
764 2551 836 2597 vel
858 2550 1039 2607 franges
1066 2553 1199 2604 atque
1222 2549 1293 2594 ovi
1315 2549 1506 2592 candida
1538 2549 1706 2604 iunges.

558 2625 690 2668 Adsit
698 2625 835 2678 adeps
843 2636 1003 2677 porcae
1013 2640 1021 2665 :
1031 2622 1142 2665 mira
1151 2625 1219 2665 est
1232 2623 1343 2665 haec
1353 2621 1495 2665 forma
1506 2621 1736 2665 medellae.

236 2696 293 2742 cf.
327 2696 440 2741 Plin.
475 2700 546 2753 29,
579 2699 649 2741 40.

898 2791 943 2833 C.
976 2790 1072 2832 LX.

234 2878 291 2919 M.
325 2877 390 2919 Pl.
427 2880 525 2930 107,
560 2880 604 2918 9:
639 2876 864 2919 Electrum
908 2876 977 2918 est
1022 2885 1172 2916 aurum
1213 2871 1258 2915 in
1302 2884 1384 2926 quo
1433 2870 1587 2925 quinta
1633 2885 1738 2927 pars

450 2946 625 3002 argenti
670 2945 893 2990 invenitur
939 2958 992 2987 ex
1033 2957 1114 2997 quo
1159 2944 1195 2985 si
1234 2943 1330 2996 quis
1368 2956 1475 2986 vaso
1515 2945 1738 2996 potatorio
