1947 3391
210 267 275 311 42

1594 267 1613 294 N«

209 404 302 447 Ser.
327 418 367 448 v.
394 409 498 447 828:
536 404 619 460 Qui
652 404 802 448 nocuit
834 417 1015 459 serpens
1049 404 1193 447 fertur
1226 408 1360 458 caput
1391 404 1506 447 illius
1539 407 1643 459 apte

531 477 798 520 Vulneribus
829 476 969 531 iungi:
1005 479 1137 519 sanat
1170 489 1282 529 quae
1316 476 1489 520 sauciat
1520 475 1617 530 ipsa

533 549 594 592 Ut
626 547 866 591 Larissaea
899 550 1080 590 curatur
1112 548 1331 601 Telephus
1363 548 1507 591 hasta.

327 622 530 676 Apparet
563 621 773 664 Serenum
806 621 942 663 talem
974 623 1145 663 textum
1178 623 1283 663 ante
1317 620 1463 663 oculos
1495 619 1715 674 habuisse,

207 693 380 745 qualem
397 692 567 735 Plinius
585 693 783 745 praebet.
848 692 900 734 In
918 691 1111 734 editione
1128 691 1265 746 igitur
1285 691 1450 734 maiore
1469 691 1714 734 Medicinae

207 763 273 806 Pl.
309 763 464 806 eadem
497 764 635 808 verba
668 776 720 806 ac
742 762 874 805 Plinii
905 763 1000 805 loco
1032 762 1215 805 laudato
1242 762 1450 806 videntur
1476 762 1714 806 exstitisse.

207 834 376 878 Auctor
432 838 580 878 autem
641 833 847 877 editionis
900 833 1080 877 minoris
1135 834 1274 878 verba
1331 833 1525 888 ‚viperae
1585 836 1717 888 caput

206 906 458 959 impositum
490 906 562 950 vel
604 905 800 959 alterius,
842 918 971 958 quam
1011 918 1122 958 quae
1164 904 1460 959 percusserit‘,
1495 904 1717 948 contraxit

206 976 251 1019 in
286 977 480 1030 ,viperae
514 976 746 1019 cuiuslibet
778 976 932 1019 tritum
966 979 1012 1019 et
1045 976 1294 1030 appositum
1327 977 1487 1029 caput‘.

206 1047 319 1090 Plin.
355 1051 425 1101 29,
467 1051 541 1090 65:
593 1050 831 1090 cunctarer
878 1046 924 1090 in

266 1118 531 1173 proferendo
556 1132 609 1162 ex
631 1118 699 1163 his
715 1118 923 1173 remedio,

264 1191 310 1233 ni
368 1192 426 1234 M.
475 1192 618 1234 Varro
667 1191 922 1233 LXXXIII.

265 1261 387 1305 vitae
466 1275 580 1305 anno
655 1262 925 1316 prodidisset

266 1334 466 1387 aspidum
488 1334 603 1377 ictus
626 1333 925 1377 efficacissime
962 1333 963 1386 ἴ

266 1405 416 1448 sanari
448 1406 613 1448 hausta
646 1418 673 1448 a
705 1405 925 1459 percussis
961 1393 963 1422 ²

264 1476 457 1529 ipsorum
490 1476 631 1519 urina.

206 1551 276 1602 23,
301 1550 377 1590 56:
397 1547 595 1591 nesciere
612 1548 771 1591 medici
793 1561 924 1602 quan·
961 1560 963 1603 ff

265 1622 355 1661 tum
402 1618 482 1675 (sc.
525 1618 720 1676 acetum)
769 1623 925 1662 contra

265 1690 445 1743 aspidas
493 1691 696 1744 polleret.
775 1692 925 1745 Nuper

264 1762 320 1804 ab
336 1761 489 1815 aspide
505 1762 678 1805 calcata
692 1775 925 1816 percussus

263 1834 407 1874 utrem
423 1832 541 1874 aceti
555 1832 706 1875 ferens
722 1833 924 1886 quotiens

264 1902 542 1957 deposuisset
554 1903 777 1948 sentiebat
790 1904 924 1949 ictum

263 1975 376 2017 alias
417 1975 585 2017 inlaeso
626 1975 792 2018 similis.
857 1978 923 2018 In-

265 2046 493 2090 tellectum
511 2046 572 2089 ibi
595 2046 835 2091 remedium
855 2051 924 2091 est

264 2121 458 2171 potuque
491 2131 757 2162 succursum.

1000 1047 1057 1089 M.
1111 1047 1177 1090 Pl.
1239 1050 1336 1101 112,
1402 1050 1449 1089 9:
1504 1046 1716 1091 adversus

1061 1118 1228 1173 aspidis
1259 1131 1449 1162 morsum
1490 1131 1621 1162 unum
1652 1131 1716 1161 re-

1061 1190 1228 1246 fugium
1278 1191 1504 1233 habebant
1547 1190 1716 1244 priores

1059 1265 1108 1304 ut
1134 1274 1366 1316 percussus
1392 1261 1564 1305 urinam
1591 1275 1713 1304 suam

1059 1332 1245 1376 biberet.
1268 1333 1387 1376 intra
1401 1346 1564 1387 paucos
1578 1346 1715 1376 annos

1060 1417 1165 1447 casu
1235 1404 1462 1448 inventum
1530 1407 1599 1448 est
1671 1407 1716 1447 et

1060 1476 1247 1519 alterum
1261 1477 1513 1520 remedium.
1528 1487 1716 1529 namque

1059 1546 1097 1590 is
1130 1547 1201 1601 qui
1227 1551 1371 1591 utrem
1393 1548 1570 1602 plenum
1597 1547 1716 1591 aceti

1060 1619 1237 1662 ferebat
1250 1633 1482 1673 percussus
1494 1621 1549 1663 ab
1562 1619 1715 1674 aspide

1060 1691 1253 1734 dolorem
1276 1704 1363 1734 non
1390 1691 1542 1745 sensit,
1577 1691 1715 1735 donec

1060 1761 1280 1817 fatigatus
1412 1762 1716 1816 requiescendi

1059 1833 1208 1887 gratia
1277 1837 1420 1876 utrem
1499 1834 1713 1888 deposuit.

1061 1917 1143 1958 quo
1159 1903 1280 1948 facto
1294 1904 1533 1959 perniciem
1548 1905 1715 1950 sentire

1060 1976 1204 2029 coepit
1244 1989 1480 2029 rursusque
1512 1976 1714 2029 imposito

1060 2047 1143 2091 sibi
1156 2050 1256 2091 utre
1272 2047 1417 2091 desiit.
1433 2048 1714 2092 Intellectum

1060 2123 1129 2162 est
1147 2120 1263 2172 quod
1281 2120 1318 2162 si
1336 2123 1510 2162 acetum
1527 2120 1714 2163 bibisset

1058 2194 1209 2245 posset
1271 2191 1433 2235 sanari.
1498 2192 1568 2234 Ex
1630 2204 1712 2245 quo

1059 2262 1360 2317 experimento
1416 2262 1580 2307 factum
1644 2266 1714 2307 est

1056 2334 1204 2388 palam
1235 2335 1349 2377 hanc
1370 2334 1593 2389 potionem
1615 2348 1712 2379 esse

1055 2404 1411 2450 efficacissimam.

204 2473 298 2516 Ser.
324 2488 363 2517 v.
389 2478 496 2516 842:
533 2473 580 2516 Si
618 2487 723 2517 vero
762 2476 1026 2519 horrendum
1066 2477 1223 2521 vulnus
1262 2477 1359 2521 fera
1399 2478 1555 2522 iecerit
1592 2478 1712 2532 aspis

528 2545 710 2589 Urinam
743 2547 928 2590 credunt
960 2548 1181 2603 propriam
1214 2549 1457 2593 conducere
1489 2553 1613 2605 potu;

528 2618 742 2661 Varronis
775 2618 861 2662 fuit
891 2619 980 2663 ista
1013 2620 1130 2664 senis
1163 2621 1407 2675 sententia;
1440 2634 1521 2666 nec
1552 2635 1639 2665 non

527 2689 696 2732 Plinius
728 2693 778 2732 ut
809 2695 1037 2745 memorat,
1072 2692 1234 2746 sumpti
1252 2692 1377 2737 iuvat
1407 2693 1547 2736 imber
1578 2694 1708 2736 aceti.

323 2759 514 2803 Serenus
551 2761 707 2804 laudat
739 2761 928 2804 Plinium
968 2766 1205 2807 auctorem.
1268 2765 1365 2807 Hoc
1407 2763 1580 2818 quidem
1613 2777 1709 2809 esse

201 2831 360 2874 nullius
407 2832 617 2874 momenti
665 2845 797 2886 supra
847 2834 1136 2887 exposuimus.
1216 2836 1303 2878 Sed
1349 2837 1491 2879 Varro
1540 2848 1708 2890 quoque

201 2904 334 2955 atque
363 2928 417 2932 —
445 2903 526 2945 hoc
567 2903 750 2947 multum
782 2904 903 2948 valet
931 2930 983 2935 ——
1014 2905 1107 2949 eius
1146 2909 1272 2950 aetas
1305 2907 1707 2951 commemoratur.¹

305 2998 314 3016 ¹
328 2998 427 3032 Bene
441 2998 637 3043 respondet
649 3009 719 3033 vox
731 2998 978 3034 Sammonicea
990 3000 1109 3042 ,senis‘
1123 3001 1169 3035 ad
1182 3001 1245 3036 illa
1259 3001 1464 3044 ‚LXXXIII
1477 3001 1575 3037 vitae
1589 3006 1706 3038 anno‘.
