1947 3391
248 240 310 282 56

850 378 895 420 G.
934 377 1148 419 XXXIII.

241 471 354 514 Plin.
402 476 471 526 29,
520 476 594 515 32:
643 472 796 515 sucida
842 472 947 515 lana
994 471 1189 525 inposita
1246 470 1509 524 subditaque
1557 473 1752 513 mortuos

457 546 614 596 partus
647 546 819 587 evocat.

242 625 335 668 Ser.
360 639 401 669 v.
428 629 536 668 639:
573 625 737 669 Sucida
780 625 885 668 lana
926 625 1064 668 malos
1102 628 1350 669 remoratur
1391 624 1568 669 subdita
1600 636 1752 667 cursus

564 698 742 739 Mortua
775 696 877 749 quin
910 696 1045 739 etiam
1077 696 1282 750 producit
1314 710 1499 751 corpora
1530 699 1676 750 partu.

239 817 358 860 Plin.
394 822 465 872 24,
504 822 579 860 13:
616 799 794 861 suberis
827 821 979 860 cortex
1018 817 1152 860 tritus
1185 830 1239 860 ex
1283 830 1399 870 aqua
1440 818 1586 861 calida
1623 820 1752 871 potus

457 888 716 944 sanguinem
748 888 956 931 fluentem
991 901 1044 931 ex
1076 887 1291 931 utralibet
1322 891 1452 942 parte
1486 888 1619 932 sistit.

239 972 333 1014 Ser.
357 985 398 1015 v.
425 975 530 1014 642:
566 971 785 1014 Subereus
818 974 971 1014 cortex
1003 971 1159 1013 calidis
1191 974 1373 1024 potatur
1403 971 1449 1014 in
1480 971 1609 1014 undis

561 1043 680 1085 Ante
712 1041 963 1085 minutatim
996 1041 1141 1086 studio
1167 1042 1375 1087 vincente
1406 1042 1629 1086 terendus.

237 1160 350 1203 Plin.
387 1164 457 1213 20,
496 1163 577 1202 157
594 1176 601 1201 :
637 1160 695 1202 ad
727 1159 886 1203 lienem
920 1172 1016 1203 cum
1049 1160 1143 1203 sale
1175 1159 1284 1202 utile
1317 1162 1387 1202 est
1419 1162 1464 1203 et
1496 1159 1672 1203 vesicae
1706 1163 1751 1203 et

454 1230 653 1285 suspiriis
686 1233 732 1273 et
763 1230 1078 1285 inflationibus,
1114 1230 1341 1292 decoctum
1375 1243 1476 1274 suco
1504 1231 1751 1284 aequaliter

453 1306 499 1346 et
530 1303 689 1346 vulvas
724 1301 907 1358 corrigit
945 1337 952 1344 .
991 1338 997 1344 .
1034 1337 1041 1344 .

237 1386 330 1429 Ser.
354 1400 395 1430 v.
422 1387 528 1429 644:
563 1385 690 1428 Pulei
723 1385 868 1428 calido
901 1389 1118 1441 purgatur
1151 1385 1316 1429 femina
1348 1389 1469 1440 potu.

236 1457 293 1500 Cf.
327 1457 478 1500 Dinsc.
512 1474 555 1498 π.
588 1457 651 1498 ὑλ.
686 1458 794 1510 ἰατρ.
827 1457 908 1510 III,
945 1461 1014 1499 30.

852 1671 897 1713 C.
931 1670 1142 1713 XXXIV.

234 1766 346 1810 Plin.
384 1771 453 1821 32,
492 1771 594 1810 136:
629 1779 768 1810 ranae
800 1779 969 1821 parvae
1003 1779 1131 1820 quam
1180 1766 1225 1809 in
1268 1767 1488 1809 oculorum
1521 1766 1749 1810 curatione

452 1838 763 1892 descripsimus
796 1838 944 1882 sanies
962 1838 1308 1881 efficacissimum
1326 1838 1555 1892 psilotrum
1588 1842 1669 1893 est,
1713 1839 1751 1897 si

450 1922 606 1952 recens
638 1908 852 1952 inlinatur
888 1943 895 1950 .
934 1943 940 1950 .
977 1943 986 1951 .
1024 1943 1031 1950 .

235 1993 331 2036 Ser.
355 2007 396 2037 v.
422 1997 527 2035 668:
563 1992 827 2047 Corporibus
860 1992 999 2037 vulsis
1032 1992 1201 2035 saniem
1227 1992 1460 2047 perducito
1493 2006 1631 2037 ranae

561 2064 649 2108 Sed
667 2077 781 2118 quae
798 2076 941 2118 parva
960 2064 1049 2107 situ
1073 2066 1142 2107 est
1160 2066 1206 2107 et
1226 2076 1361 2107 rauco
1379 2065 1561 2120 garrula
1578 2071 1748 2119 questu.

355 2159 525 2203 Plinius
558 2163 705 2214 caput,
747 2160 862 2213 quod
905 2163 974 2203 est
1012 2160 1066 2203 de
1108 2159 1336 2203 curatione
1378 2160 1611 2215 oculorum,
1655 2173 1751 2204 con-

236 2231 345 2275 ferri
375 2231 512 2287 iubet,
545 2231 620 2275 ubi
653 2245 751 2275 eam
783 2244 939 2275 ranam
972 2235 1297 2287 commemorat,
1332 2231 1453 2275 cuius
1496 2235 1659 2276 natura
1698 2246 1752 2275 ex

234 2306 365 2358 parte
398 2303 577 2348 diversa
600 2307 670 2346 est
693 2304 748 2347 ab
774 2316 841 2358 ea,
876 2316 988 2357 quae
1021 2317 1048 2346 a
1080 2306 1216 2358 poeta
1237 2303 1283 2346 in
1305 2317 1346 2348 v.
1382 2308 1466 2347 669
1490 2303 1749 2359 explicatur.

234 2376 287 2418 In
318 2375 533 2418 historiae
557 2375 672 2418 enim
704 2374 924 2418 naturalis
969 2375 1080 2418 libro
1124 2375 1317 2430 XXXII,
1363 2379 1436 2418 75:
1484 2379 1568 2430 ,est
1610 2389 1752 2430 parva

233 2459 347 2490 rana
379 2446 425 2489 in
456 2446 769 2489 harundinetis
809 2449 855 2489 et
898 2446 1047 2489 herbis
1086 2446 1276 2490 maxime
1321 2446 1490 2502 vivens,
1535 2451 1658 2491 muta
1699 2460 1752 2491 ac

235 2518 329 2561 sine
362 2530 471 2561 voce
506 2551 694 2559 .....
701 2519 709 2539 ‘
773 2518 904 2560 Hanc
945 2531 1050 2562 vero
1088 2530 1244 2561 ranam
1286 2518 1498 2562 Serenum
1542 2532 1751 2562 commen-

236 2589 344 2632 dare
392 2588 498 2631 mihi
542 2602 801 2643 persuasum
848 2592 930 2632 est.
995 2590 1091 2632 Hoc
1134 2589 1248 2632 enim
1282 2602 1420 2644 genus
1452 2602 1660 2633 ranarum
1694 2591 1751 2634 ad

236 2660 348 2715 pilos
381 2660 693 2715 exstirpandos
735 2673 761 2703 a
794 2659 1021 2705 veteribus
1054 2660 1235 2705 medicis
1280 2661 1510 2715 laudatur3
1546 2661 1624 2705 sed
1657 2674 1752 2710 eae,

238 2745 349 2784 quae
395 2745 419 2774 e
462 2733 646 2776 lacubus
690 2733 762 2776 vel
806 2732 1040 2786 paludibus
1089 2736 1294 2787 coaxant,
1336 2745 1474 2776 ranae
1511 2746 1598 2776 non
1629 2747 1756 2788 prae-

237 2803 500 2848 scribuntur.
564 2804 722 2858 Itaque
771 2804 834 2848 sic
882 2804 1025 2848 scribo
1079 2818 1119 2849 v.
1171 2808 1274 2847 669:
1323 2804 1411 2848 Sed
1456 2817 1568 2858 quae
1611 2818 1752 2860 parva

237 2875 326 2918 situ
360 2880 428 2918 est
460 2889 559 2919 nec
592 2889 725 2919 rauco
759 2877 941 2931 garrula
974 2879 1146 2929 questu.
