1947 3391
1661 324 1724 372 49

225 463 337 508 Plin.
373 470 442 519 32,
478 467 552 507 85:
588 461 790 507 medetur
844 469 889 507 et
942 462 1147 519 lentigini
1195 465 1439 518 ceterisque
1491 466 1610 509 vitiis
1673 480 1726 509 ex

441 536 610 580 ossibus
643 535 890 590 saepiarum
923 535 1044 579 cinis.

227 608 320 651 Ser.
343 622 384 652 v.
411 612 513 651 149:
549 607 780 661 Saepiolae
813 601 983 650 cineres
1015 621 1069 650 ex
1102 608 1270 651 ossibus
1303 609 1446 651 omnia
1477 610 1640 653 levant.

225 678 281 722 cf.
315 679 461 723 Diosc.
495 696 538 720 π.
571 679 632 721 ὑλ.
666 680 768 733 ἰατρ.
800 679 858 734 Π,
895 682 965 722 23.

224 786 335 829 Plin.
371 789 440 841 24,
475 789 550 829 43:
584 785 797 830 mastiche
829 786 1003 830 lentisci
1034 787 1299 841 replicandis
1334 788 1555 842 palpebris
1589 792 1634 831 et
1667 789 1724 831 ad

440 858 760 901 extendendam
794 864 937 901 cutem
969 858 1014 901 in
1047 858 1162 902 facie
1197 894 1205 901 .
1242 894 1250 901 .
1287 894 1294 901 .

226 930 318 973 Ser.
342 944 383 974 v.
410 934 516 973 154:
550 930 774 985 Rugarum
806 931 948 994 sulcos
979 931 1153 974 lentisci
1185 932 1369 975 mastice
1401 933 1570 976 tendes.

223 1036 336 1079 Plin.
371 1040 440 1091 28,
476 1041 552 1079 37:
588 1038 815 1080 credamus
848 1050 951 1093 ergo
985 1042 1030 1081 et
1060 1038 1256 1082 lichenas
1287 1039 1519 1093 leprasque
1551 1039 1723 1082 ieiunae

438 1109 565 1152 inlitu
610 1109 793 1152 adsiduo
836 1110 991 1164 arceri,
1035 1110 1139 1153 item
1178 1110 1463 1164 lippitudines
1506 1111 1725 1154 matutina
1795 1112 1797 1115 ’

439 1180 619 1224 cottidie
650 1181 773 1225 velut
803 1181 1067 1224 inunctione.

219 1251 318 1294 Ser.
342 1265 381 1295 v.
409 1256 511 1295 155:
547 1252 594 1295 Si
618 1265 723 1296 vero
747 1252 899 1296 Vitium
927 1258 995 1296 est
1018 1253 1131 1306 quod
1159 1253 1257 1296 duci
1289 1254 1343 1296 ab
1367 1253 1531 1307 impete
1565 1267 1722 1297 nomen

543 1324 638 1366 Hoc
670 1324 887 1366 matutina
918 1324 1084 1377 poteris
1118 1324 1321 1367 cohibere
1355 1324 1500 1368 saliva
1534 1359 1721 1366 .....
1756 1327 1759 1328 ’

886 1454 930 1497 O.
963 1453 1065 1496 XII.

222 1536 334 1579 Plin.
369 1540 438 1591 24,
472 1540 547 1580 47:
583 1535 662 1593 (sc.
695 1536 843 1591 populi
875 1534 1023 1593 albae)
1058 1571 1065 1579 .
1102 1570 1109 1579 .
1147 1570 1154 1577 .
1190 1536 1390 1580 foliorum
1409 1550 1536 1580 sucus
1554 1538 1723 1581 calidus

437 1609 604 1651 aurium
637 1609 822 1651 dolores.

222 1678 314 1722 Ser.
339 1693 379 1723 v.
407 1682 512 1722 164:
547 1679 638 1722 Aut
660 1691 808 1722 sucum
841 1692 895 1722 ex
917 1678 1021 1721 folio
1045 1679 1218 1721 dederit
1250 1692 1375 1732 quem
1402 1680 1586 1733 populus
1604 1681 1719 1723 alba.

222 1750 277 1793 cf.
311 1738 458 1794 DiOSC.
490 1768 531 1792 π.
564 1752 624 1793 ὑλ.
657 1753 763 1809 ἷατρ.
796 1752 831 1805 Ι,
868 1755 965 1793 109.

870 1883 914 1925 O.
948 1883 1074 1924 XIII.

219 1963 331 2006 Plin.
365 1968 434 2018 28,
461 1968 541 2007 171
562 1981 569 2006 :
595 1964 656 2007 fel
673 1964 846 2017 quidem
864 1964 1087 2017 caprinum
1104 1964 1299 2017 pluribus
1315 1964 1454 2007 modis
1472 1965 1717 2019 adsumunt,

435 2048 529 2078 cum
561 2036 689 2079 melle
722 2042 877 2079 contra
912 2034 1122 2090 caligines
1157 2069 1164 2076 .
1203 2069 1209 2076 .
1247 2069 1253 2076 .
1292 2069 1300 2076 .

218 2106 311 2150 Ser.
335 2121 376 2151 v.
401 2111 503 2149 199:
537 2108 729 2162 Hyblaei
760 2107 901 2150 mellis
933 2120 1060 2150 sucus
1093 2120 1186 2149 cum
1220 2106 1323 2149 felle
1356 2107 1533 2160 caprino

541 2178 811 2224 Subveniunt
844 2178 976 2221 oculis
1009 2177 1106 2220 dira
1139 2177 1327 2232 caligine
1364 2178 1542 2231 pressis.

218 2285 330 2329 Plin.
365 2290 434 2341 29,
471 2290 576 2330 123:
613 2321 620 2329 .
659 2321 665 2327 .
703 2321 710 2328 .
745 2286 850 2329 item
881 2285 927 2328 in
958 2284 1191 2340 gallinacei
1224 2284 1327 2328 felle
1360 2284 1417 2328 ad
1458 2297 1638 2340 argema
1671 2291 1716 2328 et

431 2357 659 2412 albugines
691 2370 744 2400 ex
777 2370 890 2410 aqua
922 2356 1072 2399 diluto.

217 2427 308 2471 Ser.
333 2442 374 2472 v.
398 2433 506 2472 207:
540 2429 623 2472 Fel
649 2441 816 2483 quoque
843 2428 897 2471 de
926 2427 1042 2483 gallo
1076 2426 1287 2470 mollitum
1311 2426 1506 2481 simplice
1534 2427 1713 2482 lympha

536 2500 727 2543 Exacuit
758 2512 888 2554 puros
922 2499 1099 2553 dempta
1133 2498 1321 2553 caligine
1353 2498 1486 2542 visus.

218 2606 325 2650 Plin.
361 2611 430 2663 29,
467 2611 569 2650 125:
602 2607 809 2649 laudatur
841 2611 886 2649 et
918 2640 926 2648 .
965 2640 971 2646 .
1009 2640 1016 2647 .
1049 2606 1194 2648 fimum
1227 2618 1394 2658 quoque
1417 2605 1710 2648 columbarum

430 2692 483 2722 ex
515 2683 640 2723 aceto
661 2679 718 2722 ad
745 2677 975 2733 aegilopia,
1010 2677 1211 2720 similiter
1242 2677 1300 2720 ad
1332 2676 1574 2732 albugines,
1610 2712 1619 2720 .
1642 2712 1649 2719 .
1671 2713 1708 2720 ..

428 2750 491 2793 fel
534 2750 755 2804 perdicum
801 2762 897 2792 cum
941 2748 1082 2790 mellis
1127 2761 1266 2800 aequo
1305 2749 1512 2802 pondere,
1552 2762 1631 2802 per
1664 2762 1710 2791 se

426 2835 531 2867 vero
562 2823 620 2865 ad
651 2822 910 2866 claritatem.

213 2892 305 2935 Ser.
330 2907 371 2938 v.
396 2898 501 2937 209:
536 2893 639 2938 Sive
671 2894 964 2937 columbarum
994 2892 1120 2935 fimus
1152 2891 1420 2935 admiscetur
1451 2895 1577 2935 aceto

534 2966 619 3010 Seu
652 2965 713 3010 fel
743 2964 933 3021 perdicis
965 2963 1094 3019 parili
1127 2973 1222 3008 cum
1254 2963 1446 3020 pondere
1479 2955 1632 3008 mellis.

742 3047 748 3053 ·
1470 3036 1493 3068 4
