1947 3391
245 258 309 302 20
1699 257 1724 290 'N

361 396 488 439 Unde
529 396 588 449 id,
624 396 738 449 quod
778 396 1059 440 interiectum
1098 400 1179 450 est,
1219 400 1502 450 praeceptum
1544 395 1604 451 (v.
1639 401 1747 440 277:

242 470 320 510 aut
362 466 472 510 611118
512 480 565 510 ex
604 468 754 511 coclea
789 502 796 510 .
834 502 841 510 .
880 502 888 510 .
925 466 955 524 .)
994 470 1213 521 sumptum
1251 466 1349 511 est?
1410 459 1549 511 Num=
1560 481 1750 511 conexus

242 541 312 581 est
332 538 451 581 inter
472 540 587 582 hunc
614 539 757 582 10611111
786 543 832 583 61
854 540 969 582 Μ6ᾶ.
993 539 1058 582 ΡΙ.
1084 543 1154 593 29,
1182 543 1203 582 1
1234 538 1367 596 (uvae
1397 539 1506 583 cinis
1533 542 1751 583 testarum

242 623 331 663 eqs.
367 609 423 653 cf.
456 610 570 653 Plin.
606 615 675 665 32,
709 609 819 667 65)?
866 610 1080 654 Fortasse
1112 609 1391 664 respicienda
1429 614 1499 654 est
1534 611 1650 654 Med.
1683 611 1750 654 Pl.

242 686 312 735 29,
361 685 437 734 10;
487 683 597 725 11666
651 682 824 735 quidem
871 683 1009 726 verba
1061 685 1163 725 sunt
1209 682 1399 725 nondum
1447 685 1620 726 sanata.
1698 683 1751 725 In

240 767 281 797 v.
311 756 398 796 284
431 756 578 797 61116111
613 752 816 809 Serenus,
850 753 895 796 ni
928 753 1072 796 omnia
1104 765 1172 796 me
1206 752 1380 808 fallunt,
1416 753 1750 809 diligentissime

239 825 433 880 vestigia
480 826 729 868 Medicinae
770 827 835 869 Pl.
881 831 1057 869 secutus
1099 829 1179 869 est.
1252 826 1365 868 Nam
1405 825 1513 869 illud
1556 827 1750 881 ,multum

241 898 425 940 coctum‘
461 897 680 951 expressit
713 910 766 940 ex
801 897 1083 952 ,discoctum‘.

898 1052 942 1095 C.
976 1053 1096 1095 XVI.

239 1137 297 1179 M.
333 1136 398 1179 Pl.
433 1140 504 1190 49,
541 1140 587 1177 7:
625 1169 633 1178 .
670 1169 678 1178 .
715 1169 723 1178 .
759 1135 974 1179 adversus
1007 1149 1136 1188 quam
1167 1136 1371 1179 lactucae
1405 1136 1554 1179 caules
1586 1140 1749 1190 quanto

457 1208 645 1251 maiores
675 1211 720 1250 et
747 1206 989 1250 amariores
1020 1207 1066 1249 in
1092 1207 1248 1260 patina
1275 1211 1519 1261 coquuntur
1551 1221 1605 1251 ex
1636 1220 1751 1261 aqua

458 1283 503 1323 et
536 1279 598 1323 sic
631 1280 833 1324 eduntur.
1327 1282 1331 1287 “

242 1352 334 1394 861.
359 1365 399 1395 v.
426 1356 530 1394 289:
565 1351 708 1393 Noxia
742 1351 778 1394 si
811 1351 1032 1394 cholerum
1064 1351 1241 1405 penitus
1274 1352 1448 1396 saevire
1480 1365 1652 1395 venena
1695 1370 1697 1373 ⁴

563 1422 826 1477 Perspicies,
861 1425 989 1465 cocta
1020 1422 1224 1466 lactucae
1258 1421 1415 1466 fronde
1445 1422 1630 1478 levabis,

564 1493 771 1536 Proderit
804 1496 850 1536 et
882 1494 1031 1536 caules
1074 1494 1306 1536 adsumere
1339 1506 1473 1547 saepe
1504 1494 1749 1537 madentes.

241 1566 298 1608 of.
332 1565 444 1607 Plin.
479 1570 549 1619 20,
584 1569 653 1607 67.

361 1636 490 1680 Tussi
516 1636 730 1679 medendo
758 1635 962 1691 Serenus,
997 1639 1208 1688 quantum
1235 1635 1378 1691 video,
1413 1636 1751 1690 compositiones

241 1724 263 1750 6
297 1708 519 1751 Medicina
551 1709 617 1751 Pl.
651 1721 738 1751 non
772 1707 971 1762 sumpsit.

831 1909 834 1911 .
903 1862 948 1905 C.
982 1863 1083 1904 XX.

240 1947 298 1989 M.
333 1946 398 1988 ΡΙ.
437 1950 505 2000 73,
541 1950 589 1987 8;
623 1944 787 1998 pilulae
820 1944 992 1998 platani
1025 1948 1154 1987 tusae
1188 1958 1241 1987 ex
1274 1948 1402 1988 aceto
1436 1944 1683 1999 impositae.

243 2018 337 2061 Ser.
362 2031 404 2061 v.
431 2021 536 2059 378:
571 2016 663 2059 Aut
695 2015 867 2069 platani
900 2015 1059 2069 pilulas
1094 2015 1187 2058 6611
1218 2015 1499 2059 infundemus
1532 2020 1674 2060 aceto.

243 2089 300 2133 cf.
334 2089 447 2132 Plin.
484 2091 554 2143 24,
588 2091 659 2131 44.

363 2163 402 2206 Ε
450 2174 557 2208 voce
606 2161 742 2217 ,acri‘,
795 2174 880 2215 qua
926 2164 972 2204 et
1017 2161 1207 2205 Serenus
1252 2165 1298 2204 et
1339 2161 1507 2205 Plinius
1556 2165 1741 2205 utuntur

243 2237 420 2279 minime
454 2236 653 2279 concludi
685 2238 834 2289 potest
866 2237 980 2279 hunc
1014 2249 1110 2279 esse
1144 2239 1383 2279 auctorem.

1745 2210 1754 2232 7

888 2391 932 2434 C.
966 2391 1113 2434 XXII.

245 2476 303 2519 M.
337 2475 403 2519 Pl.
440 2478 510 2530 56,
547 2478 590 2517 6:
632 2472 929 2518 Hederaceis¹
963 2473 1083 2519 vasis
1125 2473 1170 2517 in
1210 2473 1389 2528 potione
1428 2486 1600 2529 semper
1635 2476 1757 2517 uten-

463 2546 564 2588 dum
597 2549 679 2588 est.

247 2619 340 2663 Ser.
365 2632 405 2663 v.
430 2621 537 2662 404:
572 2616 777 2661 Mollibus
811 2629 864 2660 ex
895 2617 1087 2661 hederae
1120 2619 1356 2660 tornantur
1386 2616 1543 2671 pocula
1574 2616 1724 2672 lignis:

569 2690 687 2732 Hinc
701 2690 853 2732 trahet
869 2689 1078 2733 adsuetos
1096 2702 1231 2743 aeger
1245 2702 1535 2742 quoscumque
1551 2688 1755 2742 liquores.

248 2762 305 2807 cf.
339 2762 453 2807 Plin.
488 2765 558 2818 24,
596 2765 663 2806 79.

374 2918 381 2936 ¹
410 2916 618 2951 Lectionem
642 2916 803 2951 codicum
831 2920 951 2959 teneo3
982 2915 1120 2951 Roseus
1147 2914 1317 2950 coniecit:
1346 2913 1507 2950 ericaeis.
