1947 3391
259 280 321 324 36

471 420 626 460 utatur
662 416 848 460 insidias
882 415 1039 461 veneni
1072 415 1247 459 vitabit.
1292 415 1543 459 discurrunt
1575 414 1688 459 enim
1720 414 1766 457 in

473 503 523 533 eo
570 502 699 532 arcus
743 488 1010 532 caelestibus
1055 487 1218 531 similes
1264 501 1360 531 cum
1403 487 1532 543 igneo
1575 486 1764 530 stridore

473 573 610 614 eoque
651 560 778 603 modo
822 559 983 614 duplici
1024 559 1198 602 ratione
1231 559 1576 613 deprehenditur
1608 558 1763 601 scelus.

255 632 312 675 cf.
346 633 460 675 Plin.
496 636 566 686 33,
601 636 671 675 81.

374 704 427 747 V.
465 707 578 747 1062
613 715 701 756 eqs.
737 715 760 745 e
793 702 1014 745 Medicina
1046 702 1111 744 Pl.
1156 705 1351 756 sumptos
1391 715 1487 745 esse
1525 714 1657 756 supra
1696 714 1764 743 ex-

254 775 489 828 posuimus.

897 906 941 949 0.
976 906 1118 948 LXII.

254 990 311 1033 M.
345 990 411 1032 Pl.
448 994 516 1044 73,
554 993 626 1032 14:
661 989 857 1032 Vulnera
887 988 1088 1032 recentia
1120 1001 1292 1032 vermes
1325 988 1492 1032 terreni
1530 988 1627 1031 triti
1669 1000 1764 1031 con-

470 1061 695 1116 glutinant
739 1061 849 1103 adeo
894 1064 943 1103 ut
989 1060 1123 1103 etiam
1168 1073 1328 1104 nervos
1372 1060 1534 1104 incisos
1573 1060 1764 1103 solident

470 1132 541 1176 die
575 1131 773 1186 septimo.
1469 1149 1471 1151 ·

254 1205 347 1248 Ser.
372 1218 412 1249 v.
441 1209 576 1248 1087:
612 1203 836 1247 Lumbrici
869 1207 1018 1246 terrae
1057 1207 1267 1257 poterunt
1309 1204 1553 1247 conducere
1591 1204 1762 1247 vulnus.

251 1274 320 1322 cf.
342 1279 455 1321 Plin.
491 1282 560 1332 30,
599 1281 695 1320 115.

890 1409 936 1452 C.
970 1408 1136 1451 LXHI.

254 1494 311 1536 M.
345 1493 412 1536 Pl.
450 1496 547 1547 101,
585 1495 657 1535 10:
693 1492 919 1535 Verrucae
953 1492 1186 1535 abolentur
1220 1526 1228 1534 .
1275 1526 1282 1534 .
1326 1526 1334 1534 .
1371 1526 1379 1535 .
1417 1526 1424 1535 .
1461 1526 1469 1534 .
1506 1526 1514 1535 .
1549 1492 1763 1547 sanguine

468 1565 680 1607 lacertae.

253 1636 346 1680 Ser.
371 1650 411 1681 V.
440 1640 572 1679 1095:
607 1635 659 1678 Id
693 1635 859 1689 poterit
890 1634 1047 1679 vitium
1080 1635 1260 1691 sanguis
1294 1648 1449 1678 curare
1481 1636 1701 1688 lacertae3

253 1707 310 1750 cf.
344 1707 457 1750 Plin.
494 1711 563 1761 30,
599 1711 668 1749 81.

252 1779 311 1821 M.
345 1778 410 1821 Pl.
455 1781 553 1832 101,
589 1782 632 1819 6:
683 1778 909 1820 Verrucae
957 1778 1191 1820 abolentur
1240 1778 1367 1821 urina
1419 1778 1590 1821 recenti
1642 1778 1764 1821 canis

471 1862 564 1892 cum
600 1862 676 1892 suo
708 1849 801 1891 luto
833 1847 975 1892 inlita.

253 1921 347 1964 Ser.
371 1934 412 1964 v.
441 1924 573 1964 1096:
609 1920 700 1963 Aut
731 1919 859 1963 urina
893 1920 1016 1963 canis
1050 1933 1146 1963 cum
1180 1924 1303 1964 terra
1337 1920 1520 1964 inducta
1551 1921 1762 1964 madenti.

253 1992 309 2036 cf.
343 1992 457 2035 Plin.
494 1996 564 2047 30,
599 1996 668 2035 81.

376 2065 600 2120 Quomodo
635 2065 789 2108 Sereni
822 2066 960 2109 verba
992 2065 1333 2119 interpretanda
1360 2066 1462 2121 sint,
1498 2080 1521 2109 e
1544 2066 1765 2109 Medicina

256 2138 321 2180 Pl.
357 2137 423 2194 (et
455 2136 590 2193 Plin.)
625 2137 829 2192 cognosci
862 2140 1023 2191 potest.
