1947 3391
251 255 315 305 30

248 400 307 442 Μ.
341 399 407 442 Pl.
443 403 513 453 98,
549 404 596 441 2:
633 398 709 441 alii
742 397 851 441 cinis
884 412 938 441 ex
971 397 1064 440 oleo
1098 400 1144 440 et
1175 410 1283 452 garo
1315 386 1545 439 inlinitur.⁴

250 470 344 514 Ser.
368 484 409 515 v.
437 475 540 514 762:
575 469 695 513 Allia
718 470 828 513 dant
854 469 1044 513 cinerem
1070 468 1324 513 sociandum
1345 467 1525 522 oleoque
1546 479 1754 523 garoque,

572 542 777 597 Unguine
804 554 886 594 quo
915 541 1106 596 gliscens
1134 541 1326 594 deponet
1350 540 1528 583 flamma
1550 538 1754 582 furorem.

250 613 307 657 cf.
342 613 455 656 Plin.
491 618 561 668 20,
597 617 666 657 55.

372 684 564 728 Serenus
605 684 818 740 consulto,
856 684 902 727 ni
940 683 1085 739 fallor,
1124 683 1170 726 in
1208 697 1250 727 v.
1287 686 1369 727 761
1410 682 1658 727 Medicinae
1689 681 1755 724 Pl.

250 757 389 800 verba
432 769 543 810 ,cum
576 756 684 799 oleo‘
723 755 921 810 neglexit
963 758 1021 809 et,
1054 755 1202 797 nescio
1245 768 1334 809 cur,
1377 756 1507 798 betas
1547 753 1759 797 terendas

251 839 349 871 esse
383 825 509 881 dixit,
544 825 719 869 etiamsi
746 828 901 869 auctor
932 824 1180 869 Medicinae
1206 825 1272 868 ΡΙ.
1300 837 1385 869 ova
1416 824 1527 868 trita
1541 836 1759 867 commen-

251 898 465 943 davisset.
545 897 719 941 Deinde
767 897 922 941 Sereni
968 909 1121 941 vocem
1173 896 1462 952 ,superinlita‘
1513 895 1655 952 magis
1703 895 1761 939 ad

247 970 368 1013 *Plini
408 971 590 1014 verbum
630 969 988 1024 ,superinligatis‘
1030 982 1159 1022 quam
1198 969 1256 1011 ad
1288 968 1536 1012 Medicinae
1567 969 1633 1011 Pl.
1675 967 1761 1023 ,im-

252 1042 486 1097 ponuntur‘
527 1040 747 1095 quadrare
784 1043 910 1084 ratus
948 1044 1099 1084 tamen
1136 1041 1278 1084 habeo
1311 1052 1568 1095 persuasum
1599 1053 1640 1084 v.
1677 1043 1758 1083 761

252 1126 308 1157 ex
341 1113 493 1156 eodem
526 1112 674 1166 capite
695 1112 944 1155 Medicinae
966 1113 1031 1155 Pl.
1067 1115 1285 1166 sumptum
1318 1124 1428 1166 esse,
1462 1112 1577 1155 unde
1610 1111 1762 1166 ceteri,

254 1197 360 1237 quos
392 1183 683 1238 laudavimus,
717 1183 801 1226 loci
834 1183 1047 1237 originem
1080 1186 1326 1226 traxerunt.

910 1303 955 1347 O.
989 1303 1108 1346 XLI.

254 1389 312 1431 M.
346 1388 412 1431 Pl.
448 1392 517 1442 68,
556 1391 627 1431 10:
664 1386 812 1430 farina
845 1386 1056 1431 frumenti
1089 1390 1217 1431 cocta
1251 1400 1304 1431 ex
1338 1390 1464 1431 aceto
1499 1387 1762 1442 imponatur.

256 1460 349 1503 Ser.
386 1473 426 1503 v.
469 1463 573 1502 781:
615 1458 926 1512 Triticeaeque
968 1459 1094 1502 acido
1133 1462 1371 1502 manantur
1409 1472 1536 1502 amne
1576 1458 1762 1502 farinae.

255 1531 312 1574 cf.
337 1530 458 1574 Plin.
495 1535 565 1585 24,
603 1534 700 1574 188.

258 1603 318 1646 M.
364 1602 430 1645 Pl.
478 1606 548 1656 68,
597 1605 669 1645 12:
715 1601 887 1645 utiliter
931 1602 1054 1645 dolor
1096 1605 1397 1657 perunguetur
1441 1602 1549 1657 oleo,
1594 1602 1639 1645 in
1684 1615 1765 1655 quo

473 1673 659 1716 decocta
692 1673 781 1716 sint
812 1686 1021 1716 ranarum
1052 1673 1280 1717 intestina.

257 1745 351 1789 Ser.
375 1759 416 1789 v.
444 1749 547 1788 782:
583 1745 675 1788 Aut
706 1744 848 1788 nitido
880 1757 1019 1789 ranae
1052 1745 1280 1789 decoctum
1312 1745 1459 1790 viscus
1495 1745 1621 1790 olivo,

257 1817 314 1861 ef.
348 1816 461 1860 Plin.
498 1821 567 1871 32,
605 1820 702 1860 110.

900 1889 944 1932 C.
978 1889 1122 1932 XLII.

257 1974 314 2015 M.
349 1972 414 2015 Pl.
452 1977 519 2026 73,
558 1976 600 2014 1:
635 1972 787 2015 Fimus
830 1972 1074 2016 caballinus
1117 1986 1212 2016 cum
1252 1986 1430 2018 ovorum
1470 1972 1768 2027 putaminibus

474 2046 697 2087 crematur
728 2043 853 2097 isque
886 2043 996 2087 cinis
1029 2045 1306 2099 spathomela
1337 2044 1500 2088 mixtus
1531 2043 1769 2098 imponitur

474 2116 649 2171 plagae.
686 2115 823 2160 <mire
856 2115 1002 2159 sistit)
1029 2150 1216 2160 .....

257 2188 350 2231 Ser.
375 2201 416 2231 v.
442 2191 547 2230 804:
584 2187 686 2231 Sive
718 2187 844 2231 fimus
876 2188 1026 2231 manni
1059 2201 1155 2231 cum
1187 2188 1317 2232 testis
1349 2188 1492 2232 uritur
1525 2187 1596 2232 ovi

579 2258 641 2301 Et
672 2248 874 2312 reprimit
904 2258 1062 2302 fluidos
1094 2259 1202 2302 miro
1235 2259 1524 2303 medicamine
1558 2272 1722 2303 cursus.

256 2329 313 2373 cf.
347 2329 460 2372 Plin.
497 2334 567 2383 30,
605 2333 702 2372 112.

374 2400 654 2456 Differentia,
698 2414 810 2454 quae
853 2405 1003 2445 exstat
1043 2402 1162 2446 inter
1204 2402 1422 2446 caballum
1464 2406 1510 2446 et
1547 2415 1769 2465 mannum,

253 2486 340 2517 non
373 2476 505 2516 tanta
539 2476 621 2527 est,
660 2475 710 2515 ut
752 2485 960 2527 cogamur
998 2474 1097 2517 illos
1129 2486 1284 2518 versus
1317 2475 1489 2518 auctori
1521 2474 1768 2518 Medicinae

254 2545 320 2588 Pl.
356 2544 627 2587 abiudicare.

905 2616 950 2658 O.
983 2616 1121 2660 XLV.

254 2699 312 2741 M.
347 2699 396 2741 P.
435 2702 535 2749 110,
571 2702 621 2740 9:
656 2699 882 2752 raphanus
916 2699 1064 2743 sativa
1097 2713 1151 2742 ex
1185 2713 1300 2753 aqua
1334 2701 1393 2755 (g.
1427 2700 1470 2743 d.
1494 2713 1532 2743 r.
1555 2701 1599 2742 b.
1632 2714 1769 2755 pusca

470 2769 606 2826 Plin.)
640 2769 842 2823 coquitur
875 2773 920 2813 et
952 2770 1063 2813 trita
1096 2771 1257 2827 plagae
1290 2771 1540 2826 imponitur.

256 2842 349 2885 Ser.
373 2855 414 2886 v.
439 2845 545 2885 832:
579 2842 672 2885 Aut
714 2845 885 2885 coctum
923 2842 1111 2897 raphani
1148 2843 1303 2887 librum
1337 2843 1577 2898 tritumque
1613 2843 1768 2900 ligare.

255 2913 311 2957 cf.
346 2914 459 2969 Plin,
495 2918 565 2968 20,
602 2918 670 2957 23.
1498 2911 1500 2913 ’
