1947 3391
224 256 251 298 8

218 405 341 435 usum
376 405 473 435 esse
506 391 773 447 opposuerit,
807 391 875 446 iis,
910 405 1022 445 quae
1055 394 1273 445 secuntur,
1306 390 1587 434 refutabitur.
1651 389 1722 432 Nil

217 462 355 517 igitur
387 464 550 517 obstat,
585 462 812 516 quominus
845 462 1110 506 coniciamus
1142 462 1351 506 Serenum
1382 474 1557 507 versum
1587 464 1674 504 438
1698 473 1722 503 e

218 532 440 577 Medicina
471 533 537 576 Pl.
573 533 823 588 sumpsisse.
1587 524 1591 527 ’

936 688 1012 731 IV.

217 771 275 813 M.
309 771 376 813 ΡΙ.
413 775 481 825 72,
515 774 561 813 4:
595 771 712 813 Beta
745 784 799 813 ex
830 771 959 813 melle
992 774 1037 813 et
1068 770 1150 813 fico
1183 770 1389 823 imposita
1420 768 1581 812 morbis
1619 771 1721 812 arti-

435 842 656 885 cularibus
687 842 901 885 medetur.

218 914 311 957 Ser.
346 928 386 957 v.
424 917 528 957 702:
564 913 611 956 Si
641 926 747 957 vero
781 912 991 956 articulos
1024 914 1153 956 tabes
1185 912 1361 956 inimica
1393 925 1472 966 per
1504 921 1651 955 omnes

566 984 791 1039 Haeserit,
825 997 879 1027 ex
910 985 994 1028 ficu
1026 985 1155 1028 betas
1188 997 1284 1027 cum
1315 984 1443 1027 melle
1475 983 1646 1039 ligabis.

944 1140 997 1182 V.

215 1224 272 1267 M.
309 1223 374 1267 Pl.
410 1227 480 1278 91,
518 1227 588 1267 16:
625 1222 860 1277 euphorbio
895 1235 948 1265 ex
981 1224 1109 1266 aceto
1142 1235 1273 1266 nares
1306 1225 1562 1279 tanguntur.

215 1295 308 1338 Ser.
343 1309 384 1338 v.
422 1299 555 1337 1001:
592 1295 867 1338 Conveniunt
900 1294 1039 1337 acidis
1072 1295 1312 1348 euphorbia
1343 1294 1483 1337 mixta
1514 1294 1692 1338 fluentis

587 1364 799 1410 Gramina
821 1365 893 1410 vel
919 1368 1049 1409 rutae
1075 1365 1250 1421 gemina
1272 1365 1310 1409 si
1335 1378 1443 1409 nare
1469 1366 1718 1408 trahantur.

291 1457 294 1462 ·
332 1438 426 1481 Hos
449 1450 617 1490 quoque
639 1450 793 1481 versus
816 1436 971 1480 Sereni
993 1437 1051 1479 ad
1073 1437 1338 1480 Medicinam
1360 1438 1425 1480 Pl.
1449 1437 1721 1480 reducendos

215 1521 312 1551 esse
353 1511 473 1561 puto,
544 1507 698 1550 Sereni
739 1511 888 1551 autem
926 1508 971 1551 in
1009 1508 1189 1551 vocibus
1229 1508 1444 1563 ,gramina
1476 1508 1548 1552 vel
1578 1508 1719 1550 rutae‘

212 1579 333 1623 nullo
366 1579 493 1623 modo
528 1578 816 1632 offendamus3
852 1579 906 1622 de
938 1578 1006 1621 his
1040 1578 1126 1622 alio
1159 1579 1267 1622 loco.
1332 1578 1393 1636 (p.
1428 1577 1519 1635 34.)

332 1651 429 1706 His,
463 1663 570 1704 quos
592 1650 898 1706 tractavimus,
926 1650 1034 1694 locis
1061 1650 1099 1694 si
1131 1663 1208 1694 eas
1235 1650 1586 1705 compositiones,
1610 1663 1721 1703 quae

211 1723 256 1766 in
290 1723 455 1767 Sereno
495 1725 541 1765 et
572 1722 794 1766 Medicina
835 1723 901 1766 Pl.
943 1725 1137 1777 exstant,
1178 1723 1295 1777 apud
1333 1722 1523 1766 Plinium
1555 1722 1722 1776 quaesi-

209 1793 343 1848 veris,
384 1793 554 1836 frustra
592 1796 765 1847 tempus
803 1796 1019 1837 conteres.
1093 1794 1268 1837 Nullum
1310 1793 1383 1847 qui
1420 1806 1468 1836 re
1500 1806 1608 1838 vera
1639 1795 1722 1837 huc

213 1868 387 1919 spectet
418 1865 561 1908 locum
592 1864 805 1908 invenies.

935 2019 1011 2061 VI.

334 2104 459 2146 Nunc
493 2103 550 2145 ad
581 2102 823 2156 principem
855 2103 996 2145 locum
1028 2105 1319 2145 transeamus.

214 2176 272 2218 M.
307 2175 373 2218 ΡΙ.
412 2178 509 2229 106,
547 2178 621 2216 1οε
661 2173 923 2217 Antidotum
954 2173 1302 2217 mithridaticam
1339 2174 1525 2218 laudant
1565 2175 1724 2219 medici

433 2246 612 2300 eiusque
678 2245 1016 2299 compositiones
1073 2244 1274 2290 diversas
1327 2245 1516 2290 afferunt
1568 2250 1614 2291 et
1666 2248 1724 2291 ad

433 2317 782 2361 commendanda
803 2316 1018 2372 migmata
1049 2317 1247 2371 pretiosa
1278 2320 1459 2372 propter
1489 2318 1723 2362 raritatem

432 2389 637 2445 ingentes
680 2388 891 2443 pecunias
934 2391 1133 2442 poscunt.
1175 2422 1452 2433 .......
1491 2389 1724 2444 Pompeius

434 2464 582 2504 autem
604 2472 792 2516 magnus
813 2459 1077 2503 Mithridate
1100 2460 1274 2504 devicto
1300 2460 1471 2505 invenit
1497 2461 1542 2504 in
1565 2461 1724 2505 scrinio

434 2533 527 2576 eius
559 2532 697 2587 ipsius
729 2545 862 2575 manu
884 2531 1097 2587 scriptam
1130 2531 1500 2588 compositionem,
1535 2546 1620 2587 qua
1651 2532 1725 2577 ille

432 2608 721 2659 praesumpta
771 2604 987 2647 adversus
1038 2603 1183 2646 omnia
1228 2604 1443 2648 veneficia
1491 2604 1537 2647 in
1585 2608 1726 2648 totum

433 2677 548 2720 diem
593 2679 738 2720 tutum
782 2689 830 2719 se
874 2675 1219 2729 incolumemque
1262 2676 1543 2730 praestabat:
1592 2689 1726 2721 nuces

432 2749 665 2804 iuglandes
698 2749 825 2803 duae,
853 2748 962 2791 ficus
995 2747 1139 2791 siccae
1173 2748 1300 2803 duae,
1332 2751 1461 2791 rutae
1494 2748 1602 2792 folia
1622 2749 1725 2804 XX,

433 2820 539 2864 salis
572 2833 757 2875 granum
789 2821 811 2862 I
843 2820 888 2863 in
920 2833 1051 2863 unum
1084 2818 1231 2877 (codd.
1261 2832 1292 2874 g
1312 2819 1342 2862 d
1373 2820 1417 2863 in
1450 2820 1598 2865 vinum
1630 2832 1656 2863 r
1675 2820 1725 2878 b)

435 2893 763 2936 contunduntur
796 2895 841 2934 et
874 2892 1146 2935 devorantur
1178 2904 1205 2933 a
1236 2891 1393 2935 ieiuno.
