1947 3391
247 233 310 277 34
1684 224 1706 255 Χ

244 371 336 412 Ser.
362 383 402 413 v.
430 374 535 412 959:
572 370 698 425 Quod
731 370 769 413 si
800 371 903 413 luxa
937 383 1012 413 suo
1047 369 1267 412 decedunt
1298 368 1493 412 membra
1525 370 1692 421 tenore,

568 443 708 486 Urere
741 442 954 486 femineos
986 442 1129 485 crines
1162 454 1214 484 ac
1245 441 1428 497 iungere
1461 453 1610 484 sevum

568 513 782 569 Congruit
814 527 867 557 ac
899 513 980 556 tali
1012 512 1301 556 medicamine
1333 515 1454 555 mota
1485 511 1639 566 ligare.

244 584 300 626 cf.
335 584 449 627 Plin.
486 589 556 639 30,
593 589 660 627 79.

362 655 533 698 Auctor
565 655 814 699 Medicinae
846 656 912 698 Pl.
948 659 1017 710 99,
1061 659 1111 697 11
1139 654 1391 698 accuratius
1425 667 1553 707 quam
1585 653 1755 696 Plinius

244 727 512 781 praescribit
560 727 683 770 canis
731 729 958 770 cerebrum
1007 740 1103 769 esse
1141 727 1462 780 imponendum,
1526 725 1595 768 0111
1643 726 1755 768 bene

248 799 490 853 respondet
524 798 678 842 Sereni
713 799 892 854 ,addere
926 797 1112 842 fractis‘.

918 968 963 1011 Ο.
997 968 1089 1010 LV.

245 1052 302 1094 M.
338 1052 404 1093 Pl.
441 1056 510 1106 91,
549 1056 621 1094 17:
657 1051 781 1105 capri
813 1064 972 1094 cornus
1004 1051 1094 1093 usti
1134 1051 1261 1093 nidor
1301 1050 1490 1093 dormire
1533 1064 1629 1093 eum
1671 1063 1757 1093 non

462 1122 646 1176 patitur.

247 1193 341 1236 Ser.
366 1207 407 1237 V.
431 1197 531 1236 997:
567 1193 686 1248 Ergo
719 1193 808 1237 levi
841 1192 1018 1236 flamma
1050 1196 1275 1236 torrentes
1308 1205 1472 1236 cornua
1505 1204 1667 1246 caprae

570 1264 664 1318 Quo
696 1264 850 1307 nidore
876 1277 1058 1318 gravem
1092 1264 1331 1318 dispellunt
1356 1263 1520 1306 lumina
1549 1276 1757 1307 somnum.

249 1334 305 1378 cf.
339 1334 452 1377 Plin.
487 1339 557 1389 28,
592 1339 692 1378 230.

247 1407 306 1449 M.
340 1406 406 1448 ΡΙ.
442 1410 512 1460 91,
547 1410 595 1447 9:
630 1409 734 1449 ruta
767 1419 821 1448 ex
853 1410 981 1449 aceto
1016 1406 1148 1449 datur
1180 1405 1445 1449 olfacienda.

250 1478 343 1520 Ser.
363 1491 405 1521 v.
433 1481 564 1520 1002:
600 1477 814 1521 Gramina
838 1478 910 1522 vel
933 1480 1076 1532 rutae,
1107 1477 1282 1532 gemina
1309 1477 1346 1520 si
1372 1490 1481 1521 nare
1506 1477 1756 1521 trahantur.

250 1549 307 1592 cf.
341 1549 454 1592 Plin.
489 1553 559 1604 20,
597 1553 695 1592 138.

249 1622 306 1663 M.
341 1621 406 1662 Pl.
442 1625 512 1674 91,
548 1625 592 1662 6:
628 1621 814 1663 Cimices
847 1624 1017 1675 septem
1050 1621 1148 1663 triti
1194 1620 1240 1663 in
1284 1633 1426 1673 aquae
1471 1621 1631 1675 cyatho
1675 1633 1759 1663 uno

467 1692 630 1734 dantur
677 1691 713 1735 si
760 1691 829 1736 vir
876 1695 959 1746 est,
1011 1691 1049 1735 si
1094 1704 1203 1745 puer
1250 1691 1309 1734 sit
1355 1691 1400 1734 in
1444 1691 1596 1734 eodem
1633 1691 1761 1734 modo

468 1775 610 1816 aquae
644 1762 820 1806 cimices
853 1765 1074 1816 quattuor.

251 1835 345 1878 Ser.
369 1848 410 1878 v.
436 1838 568 1877 1003:
605 1834 792 1889 Quidam
826 1834 923 1877 dira
955 1834 1121 1889 iubent,
1156 1837 1339 1888 septeno
1373 1833 1527 1877 cimice
1558 1833 1665 1877 trito

604 1906 666 1951 Ut
688 1905 904 1951 vitientur
930 1919 1072 1961 aquae
1098 1906 1371 1962 cyathusque
1387 1905 1566 1950 bibatur
1589 1918 1760 1950 earum:

604 1979 730 2021 Haec
756 1978 931 2032 potiora
963 1982 1125 2032 putant
1145 1992 1275 2031 quam
1296 1978 1413 2022 dulci
1439 1982 1580 2022 morte
1602 1978 1761 2032 perire.

251 2050 308 2094 cf.
342 2050 456 2093 Plin.
491 2054 562 2105 29,
598 2054 667 2093 63.

372 2122 584 2164 Serenum
615 2121 864 2164 Medicinae
897 2123 962 2164 Pl.
999 2135 1094 2175 cap.
1132 2126 1185 2164 18
1218 2122 1320 2164 libri
1353 2127 1377 2164 3
1410 2135 1535 2165 usum
1562 2134 1659 2164 esse
1692 2122 1760 2165 vel

252 2195 388 2236 antea
420 2192 619 2247 probavi,
654 2205 751 2235 cum
784 2192 838 2236 de
871 2206 911 2237 v.
950 2196 1061 2236 1001
1098 2192 1349 2236 scriberem.
1389 2191 1450 2250 (p.
1485 2192 1545 2250 8).

911 2361 956 2402 O.
990 2361 1105 2403 LVI.

251 2443 309 2487 M.
344 2443 409 2486 Pl.
446 2446 515 2499 93,
554 2445 626 2485 11:
661 2441 907 2486 hirundinis
952 2442 1132 2499 sanguis
1178 2454 1272 2486 cum
1318 2445 1417 2486 ture
1460 2442 1532 2487 vel
1571 2442 1764 2486 eiusdem

470 2528 546 2557 cor
577 2527 733 2557 recens
766 2515 1019 2558 devoratur.

253 2585 347 2630 Ser.
371 2599 413 2630 v.
441 2588 574 2631 1014:
611 2584 698 2629 Seu
724 2597 852 2629 cruor
885 2597 939 2628 ex
958 2586 1133 2642 Progne
1156 2585 1319 2629 mixtus
1340 2598 1435 2630 cum
1455 2585 1618 2640 polline
1637 2585 1762 2629 turis.

252 2658 309 2700 cf.
344 2658 457 2700 Plin.
494 2662 564 2711 30,
601 2662 671 2700 91.

252 2729 310 2773 M.
344 2729 410 2773 Pl.
447 2732 517 2785 93,
555 2732 627 2772 12:
662 2727 840 2784 lapillus
874 2728 928 2772 de
967 2728 1069 2772 nido
1103 2728 1350 2773 hirundinis
1395 2728 1666 2785 adalligatus
1708 2729 1766 2773 ad

470 2802 627 2843 collum
659 2801 880 2843 iacentem
912 2805 1089 2844 recreat
1122 2806 1167 2844 et
1200 2803 1255 2844 ab
1288 2803 1369 2844 hoc
1397 2802 1590 2855 periculo
1623 2805 1767 2845 tutum

469 2876 686 2929 praestat.
