1947 3391
1653 316 1715 361 63

924 1115 1010 1171 IV.

335 1290 387 1332 In
448 1290 534 1332 fine
596 1295 776 1332 nostrae
821 1290 1217 1332 commentationis
1292 1290 1534 1342 complures
1597 1290 1715 1333 locos

217 1359 427 1414 ponimus,
473 1360 557 1414 qui,
603 1360 776 1403 etiamsi
820 1360 874 1403 de
917 1361 1069 1403 horum
1112 1359 1279 1415 origine
1312 1363 1478 1403 certum
1509 1360 1715 1403 iudicium

216 1443 302 1473 non
356 1430 555 1485 facimus,
610 1434 759 1473 tamen
806 1431 850 1472 in
905 1430 1097 1473 editione
1144 1431 1390 1473 Medicinae
1438 1432 1503 1473 Pl.
1548 1431 1713 1473 maiore

217 1500 400 1544 infuisse
452 1504 634 1555 possunt
682 1503 727 1544 et
781 1500 902 1555 digni
956 1504 1069 1555 sunt,
1133 1500 1233 1553 qui.
1263 1500 1356 1545 sive
1418 1501 1560 1544 obiter
1620 1500 1713 1544 sive

219 1571 466 1615 accuratius
498 1575 759 1615 tractentur.

217 1655 327 1711 Elin.
365 1660 433 1709 31,
465 1659 567 1697 125:
601 1656 887 1708 Imponuntur
920 1659 965 1697 et
998 1668 1218 1709 spongeae
1250 1655 1373 1709 ipsae
1407 1655 1627 1709 epiphoris
1661 1668 1714 1698 ex

430 1739 563 1780 posca
596 1730 639 1770 et
674 1739 727 1769 ex
759 1728 885 1769 aceto
919 1726 1061 1769 calido
1095 1726 1152 1769 ad
1185 1725 1343 1780 capitis
1376 1726 1561 1769 dolores.

219 1798 311 1840 Ser.
344 1812 385 1842 v.
423 1802 494 1840 19:
529 1797 722 1852 Spongia
754 1810 850 1840 cum
881 1797 1043 1851 tepidis
1084 1798 1257 1840 adnexa
1294 1798 1532 1851 liquoribus
1564 1798 1714 1840 imbris

530 1868 697 1923 profuit
731 1903 917 1911 .....

335 1953 442 1996 Loci
484 1952 669 2006 laudati,
716 1952 890 1995 etiamsi
921 1966 1006 1997 Vox
1052 1952 1241 2007 ,tepidis‘
1287 1952 1352 1995 illi
1385 1953 1555 2007 ‚calido‘
1601 1954 1713 1996 bene

215 2025 481 2078 respondere
541 2024 730 2078 videtur,
795 2023 1049 2077 discrepant
1119 2024 1164 2066 in
1233 2024 1414 2077 liquoris
1477 2024 1715 2067 adhibendi

216 2109 420 2152 genere.
491 2085 656 2149 Liquor
696 2095 865 2138 scilicet
907 2095 1058 2138 imbris
1102 2095 1292 2139 vertitur
1338 2096 1669 2150 ‚regenwasser‘
1686 2096 1713 2139 ¹.

217 2168 264 2212 Si
293 2167 429 2224 igitur
458 2168 579 2211 locus
612 2166 936 2210 Sammoniceus
967 2167 994 2209 l.
1022 2179 1070 2209 re
1102 2179 1210 2210 vera
1242 2167 1299 2209 ad
1331 2164 1471 2209 Ρ111112
1503 2164 1644 2210 locum
1678 2180 1713 2210 c.

218 2243 405 2295 spectat,
438 2242 571 2293 poeta
602 2238 722 2281 illum
754 2238 896 2281 obiter
926 2238 1036 2293 legit
1068 2239 1139 2282 vel
1171 2238 1403 2292 excerpsit.

338 2310 549 2354 Similiter
579 2322 650 2352 res
683 2322 780 2352 sese
811 2310 947 2352 habet
978 2309 1023 2351 in
1054 2309 1108 2352 iis
1135 2309 1206 2362 qui
1238 2313 1446 2352 secuntur
1476 2310 1602 2352 locis:

219 2394 330 2436 Plin.
365 2398 434 2448 20,
469 2396 576 2436 201:
612 2392 784 2435 Semine
829 2404 997 2445 quoque
1042 2392 1134 2434 eius
1177 2391 1255 2448 (80.
1305 2391 1562 2448 papaveris)
1608 2392 1716 2435 trito

433 2464 478 2508 in
508 2463 709 2519 pastillos
750 2476 773 2506 e
812 2463 930 2506 lacte
966 2466 1149 2506 utuntur
1186 2463 1243 2505 ad
1282 2475 1489 2518 somnum⁷
1522 2463 1627 2507 item
1661 2463 1718 2506 ad

436 2535 594 2590 capitis
627 2535 798 2578 dolores
831 2547 927 2578 cum
957 2547 1138 2578 rosaceo
1173 2568 1181 2577 .
1220 2569 1226 2576 .
1263 2569 1270 2577 .
1307 2569 1316 2578 .

221 2609 314 2652 Ser.
348 2623 388 2653 v.
424 2612 501 2651 24:
538 2642 546 2650 .
584 2643 591 2650 .
628 2642 636 2649 .
671 2642 680 2650 .
713 2610 895 2661 prosunt
927 2609 972 2650 et
1005 2606 1146 2649 amica
1177 2619 1403 2661 papavera
1436 2620 1583 2651 somno

538 2678 584 2721 Si
615 2678 734 2732 prius
765 2677 809 2719 in
840 2678 960 2720 lento
992 2676 1247 2719 madefacta
1279 2680 1482 2720 terantur
1516 2678 1641 2722 olivo.

341 2845 350 2864 ¹
376 2844 475 2879 Baur
510 2844 534 2879 l.
560 2854 589 2879 0.
640 2870 647 2878 .
674 2844 730 2879 67.

341 2903 354 2923 ²
380 2871 554 2940 Nimi’rum
607 2854 878 2949 ilxltellengenda
927 2906 983 2938 est
1033 2901 1099 2937 hoc
1146 2901 1222 2937 loco
1264 2907 1302 2937 et
1338 2901 1393 2949 iis,
1432 2903 1492 2947 qui
1537 2907 1721 2948 secuntur,

221 2962 331 2997 editio
357 2963 470 2998 maior
495 2963 695 2998 Medicinae
719 2962 773 2997 Pl.
