1947 3391
1692 306 1753 353 31

252 445 309 489 Μ.
344 445 408 489 Pl.
447 448 544 501 110,
580 449 626 488 6:
661 445 897 490 habentem
930 458 1075 491 secum
1110 459 1184 490 cor
1205 445 1393 490 vulturis
1424 459 1505 490 nec
1529 449 1758 501 serpentes

467 530 549 560 nec
581 516 705 561 ferae
738 522 967 572 appetunt.

253 589 345 632 Ser.
369 603 410 633 v.
435 592 543 631 846:
577 588 820 632 Dicendum
844 593 889 633 et
909 603 1021 643 quae
1045 589 1104 633 sit
1125 603 1317 644 praecox
1333 589 1551 634 medicina
1569 589 1756 633 timenti.

574 660 729 704 Cautio
752 674 938 715 namque
960 664 1109 715 potest
1127 661 1246 703 diros
1262 664 1550 715 praevertere
1567 674 1755 704 morsus:

573 732 618 774 Si
650 732 770 774 iecur
801 736 1025 776 exsectum
1058 733 1188 775 tardo
1222 733 1276 775 de
1308 733 1483 776 vulture
1516 736 1680 786 portes.

252 802 308 846 cf.
342 803 454 846 Plin.
490 807 559 858 29,
596 808 663 846 77.

251 875 307 916 Μ.
342 874 408 917 ΡΙ.
446 878 542 928 110,
577 875 802 918 5:·erucis
823 888 877 918 ex
899 878 1027 918 aceto
1045 875 1166 918 tritis
1183 879 1420 929 perunctos
1437 889 1523 918 non
1540 876 1755 918 mordent.

252 945 344 988 Ser.
368 959 409 990 v.
435 949 539 989 849:
574 946 732 990 Erucis
765 949 843 990 aut
876 946 913 990 si
944 949 1064 990 totos
1096 946 1356 1001 perduxeris
1389 949 1527 1001 artus,

573 1017 691 1073 Quas
722 1018 843 1073 prius
863 1018 1056 1061 adtritas
1076 1018 1327 1073 vehementi
1355 1018 1590 1073 adspargis
1613 1022 1755 1061 aceto.

215 1125 217 1127 .
251 1088 307 1132 cf.
341 1089 453 1132 Plin.
488 1093 558 1145 20,
594 1094 690 1133 125.

250 1161 307 1204 Μ.
341 1161 406 1204 Pl.
443 1165 540 1217 107,
574 1165 651 1205 24:
687 1161 865 1217 sanguis
898 1161 1080 1205 caninus
1111 1162 1312 1206 hauritus
1345 1162 1559 1207 adversus
1592 1161 1754 1205 toxica.

252 1232 344 1275 Ser.
368 1246 409 1276 v.
434 1236 541 1275 854:
578 1267 586 1275 .
623 1267 631 1275 .
667 1267 676 1275 .
714 1266 723 1275 .
758 1233 938 1288 sanguis
970 1233 1137 1287 poterit
1169 1234 1380 1287 prodesse
1414 1234 1611 1288 caninus,

571 1304 654 1359 Qui
685 1303 808 1347 facili
840 1307 947 1357 potu
980 1303 1205 1347 antidotos
1237 1304 1439 1347 imitatur
1470 1305 1695 1348 honestas.

251 1374 306 1418 cf.
340 1375 451 1418 Plin.
486 1379 556 1429 29,
591 1379 660 1418 58.

249 1447 306 1489 M.
340 1447 406 1490 Pl.
443 1450 540 1502 109,
575 1450 653 1490 21:
690 1447 929 1502 Serpentes
967 1447 1256 1502 praecipitem
1307 1461 1497 1491 morsum
1543 1447 1755 1491 inferunt.

465 1531 570 1571 quos
623 1532 783 1562 sanare
832 1519 877 1562 in
923 1523 1127 1574 promptu
1178 1523 1260 1574 est,
1311 1533 1406 1563 cum
1454 1519 1589 1563 etiam
1636 1520 1757 1574 ipsas

464 1590 621 1646 fugare
684 1591 742 1634 sit
804 1590 1061 1635 facillimum
1131 1591 1453 1635 vulturinarum
1524 1592 1755 1646 pinnarum

466 1662 623 1705 suffitu.

250 1732 342 1776 Ser.
366 1747 406 1778 v.
432 1738 539 1777 858:
576 1768 810 1777 ......
847 1739 924 1777 aut
956 1734 1040 1777 diri
1072 1734 1258 1778 vulturis
1291 1735 1420 1777 alam.

249 1804 305 1847 cf.
339 1804 451 1848 Plin.
486 1809 556 1861 29,
593 1810 660 1848 77.

367 1877 429 1919 Et
468 1876 657 1920 Serenus
702 1876 762 1934 (v.
803 1876 910 1934 832)
956 1881 1001 1920 et
1042 1880 1197 1920 auctor
1237 1877 1484 1921 Medicinae
1531 1878 1597 1921 Pl.
1647 1878 1755 1921 dicit

245 1949 490 2003 raphanum
531 1961 627 1992 esse
671 1949 914 2004 terendam,
959 1948 1212 2004 priusquam
1259 1949 1430 1994 vulneri
1475 1949 1751 2004 imponatur3

246 2019 414 2063 Plinius
447 2023 594 2063 autem
626 2021 709 2063 hac
743 2020 797 2068 de
828 2033 876 2063 re
914 2023 1051 2064 tacet.
1115 2021 1224 2063 Inde
1267 2024 1456 2075 apparet
1487 2021 1752 2065 Medicinam

246 2091 311 2134 Pl.
346 2104 443 2134 esse
476 2091 642 2134 fontem
676 2091 830 2134 Sereni
863 2095 908 2134 et
929 2091 1250 2145 repudiandam
1272 2091 1570 2135 coniecturam
1601 2093 1749 2136 Rosei.

246 2162 435 2207 Serenus
480 2162 608 2219 enim,
655 2176 749 2207 cum
794 2152 946 2208 vocem
991 2164 1191 2218 ,coctam‘
1239 2162 1468 2220 scriberet,
1514 2177 1583 2219 ,ex
1621 2166 1749 2218 aqua‘

244 2235 367 2291 legit.
431 2234 662 2279 Facillime
702 2236 784 2279 hoc
824 2236 1005 2279 verbum
1042 2235 1343 2289 praetermitti
1373 2235 1559 2290 ideoque
1598 2238 1751 2280 subau-

248 2307 333 2350 diri
383 2310 545 2362 potest.
615 2308 745 2350 Nulla
792 2306 928 2362 igitur
973 2310 1041 2350 est
1088 2319 1237 2362 causa,
1287 2320 1364 2350 cur
1411 2308 1657 2352 auctoritas
1705 2313 1751 2352 et

248 2392 484 2423 consensus
515 2379 763 2422 Medicinae
795 2379 861 2421 Pl.
896 2378 1091 2421 codicum
1123 2379 1400 2433 neglegatur.

365 2451 502 2494 Porro
536 2454 690 2494 auctor
721 2449 967 2493 Medicinae
994 2450 1060 2492 Pl.
1093 2452 1193 2504 post
1224 2449 1345 2492 illam
1378 2450 1749 2506 compositionem,

248 2536 376 2576 quam
423 2522 469 2566 in
511 2536 552 2567 v.
587 2526 672 2566 849
704 2534 1112 2577 recognoveramUS,
1155 2524 1292 2577 negat
1338 2534 1447 2577 eum,
1497 2522 1570 2576 qui
1602 2536 1749 2567 secum

247 2608 321 2638 cor
351 2594 539 2639 vulturis
570 2595 769 2649 haberet,
804 2596 1032 2648 serpentes
1064 2596 1288 2647 appetere.
1343 2593 1509 2648 Quibus
1550 2607 1574 2637 e
1600 2595 1748 2638 verbis

246 2679 287 2710 v.
337 2669 422 2709 846
465 2679 557 2719 sqq.
601 2665 812 2721 originem
855 2666 1019 2708 habere
1060 2663 1165 2706 mihi
1205 2676 1462 2718 persuasum
1504 2668 1586 2708 est.
1655 2667 1748 2709 Vox

248 2737 420 2791 quidem
453 2736 606 2780 Sereni
639 2737 784 2792 ,iecor‘
823 2736 917 2780 iure
958 2738 1164 2789 suspecta
1197 2739 1284 2788 est;
1333 2748 1474 2789 neque
1521 2736 1636 2779 enim
1682 2751 1748 2780 us-

248 2821 376 2862 quam
416 2808 538 2852 iecur
575 2808 762 2852 vulturis
801 2808 1013 2851 adversus
1055 2810 1283 2860 serpentes
1322 2806 1615 2850 adhibendum
1649 2821 1747 2851 esse

246 2879 575 2934 praescribitur.
639 2879 793 2923 Facile
825 2891 930 2924 vero
950 2878 1184 2934 genuinam
1205 2877 1440 2921 lectionem
1459 2878 1746 2935 restituimus,

247 2952 284 2995 si
330 2962 408 3007 pro
455 2951 507 3007 ,si
549 2951 682 2996 iecur‘
727 2951 911 3007 legimus
957 2950 1073 3006 ,Sive
1118 2951 1219 2993 cor‘.
1284 2950 1368 2993 Cor
1412 2949 1525 2994 enim
1558 2950 1746 2995 vulturis
