1947 3391
1661 292 1726 335 43

225 428 281 470 Ei
324 442 442 483 vero,
489 428 562 481 qui
605 432 858 484 excerpunt,
893 433 1097 472 auctores
1135 429 1275 472 citare
1316 443 1402 472 non
1443 430 1604 482 solent3
1651 429 1729 472 sed

226 503 375 544 exstat
419 501 554 556 locus,
597 514 679 554 quo
725 503 949 544 auctorem
993 499 1240 544 Medicinae
1283 500 1348 544 Pl.
1394 500 1526 544 aliter
1570 500 1728 544 fecisse

224 572 446 625 probetur.
511 562 632 614 Citat
673 571 787 615 enim
831 585 872 625 p.
913 576 953 626 3,
971 574 1012 615 ‘3
1051 572 1238 614 Damum
1282 572 1508 615 medicum.
1572 573 1728 625 Itaque

224 656 311 687 non
343 646 424 698 est,
459 643 573 697 quod
604 642 649 687 in
680 644 763 687 hac
794 656 843 687 re
874 643 1146 694 haereamus.

225 727 337 769 Plin.
392 731 462 781 20,
518 730 625 769 103:
672 726 751 783 (sc.
797 726 938 783 bulbi)
1015 727 1129 770 Med.
1154 727 1219 770 Pl.
1247 731 1314 782 74,
1340 731 1386 770 1:
1408 727 1605 771 efficaces
1627 732 1728 771 sunt

284 788 537 842 vulneribus
566 811 734 851 quoque
755 801 939 852 prosunt
1076 801 1121 841 et
1165 798 1286 842 bulbi
1331 799 1427 842 triti
1471 813 1550 853 per
1591 812 1638 842 se
1670 800 1728 842 ad

284 882 364 923 per
395 881 442 912 se
475 871 553 913 aut
583 873 633 913 ut
665 869 853 913 Damion
887 883 941 913 ex
1074 871 1257 915 vulnera
1317 870 1596 926 glutinanda:
1655 871 1727 913 ad-

1073 941 1237 986 iciebat
1268 945 1416 985 tamen
1442 942 1530 985 illis
1555 943 1727 985 Damon

1018 1043 1023 1048 -
1073 1014 1266 1073 medicus
1315 1027 1508 1057 muscum
1564 1013 1637 1067 qui
1682 1013 1728 1056 in

974 1079 979 1147 1
1074 1098 1188 1138 aqua
1200 1084 1398 1140 gignitur
1421 1088 1467 1127 et
1480 1084 1551 1128 die
1575 1084 1726 1138 quinto

974 1155 977 1213 j
1074 1149 1288 1201 solvebat.

225 1227 318 1271 Ser.
341 1241 382 1271 v.
408 1231 513 1271 812:
547 1228 771 1271 Contritus
804 1242 899 1272 cum
931 1229 1058 1272 melle
1095 1228 1219 1272 dabit
1244 1228 1536 1272 medicamina
1556 1229 1725 1272 bulbus.

223 1321 335 1365 Plin.
394 1325 464 1376 28,
520 1326 596 1365 56:
660 1335 778 1366 mero
833 1326 937 1366 ante
976 1322 978 1371 i
1014 1324 1128 1366 Med.
1163 1324 1228 1366 Pl.
1263 1327 1435 1377 24,19:
1470 1324 1586 1366 Nero
1623 1326 1728 1365 ante

287 1407 459 1436 somnos
468 1394 656 1437 colluere
668 1407 745 1437 ora
758 1398 940 1448 propter
1074 1407 1246 1438 somnos
1260 1396 1449 1438 colluere
1461 1408 1539 1438 ora
1546 1398 1729 1448 propter

1074 1466 1237 1509 halitus
1273 1465 1437 1521 frigida
1467 1466 1576 1509 utile
1605 1466 1726 1509 dicit.

283 941 434 995 mulso,
481 940 517 983 si
561 941 711 995 quinto
759 941 829 985 die
862 942 941 985 501-

284 1015 461 1055 vantur.

286 1465 463 1520 halitus,
508 1464 673 1520 frigida
710 1465 940 1509 matutinis

285 1535 429 1590 inpari
471 1549 649 1580 numero
694 1537 751 1579 ad
788 1549 942 1580 caven-

271 1595 366 1651 ⁶dos
405 1607 601 1651 dentium
633 1608 806 1652 dolores
840 1642 849 1651 .
885 1642 893 1651 .
930 1641 939 1651 .

229 1679 321 1723 Ser.
345 1693 386 1724 v.
411 1683 515 1723 245:
551 1679 694 1734 Saepe
727 1679 861 1723 etiam
892 1679 1040 1735 gelida
1072 1680 1274 1735 gingivas
1307 1680 1446 1723 collue
1477 1680 1655 1734 lympha

548 1751 766 1794 Dentibus
797 1755 847 1794 ut
877 1751 1047 1794 firmum
1078 1751 1220 1805 possis
1253 1764 1432 1795 servare
1463 1750 1672 1806 vigorem.

227 1845 340 1889 Plin.
375 1850 445 1901 32,
482 1850 586 1889 110:
614 1846 844 1901 ,Podagris
878 1860 943 1889 ar·
979 1845 981 1903 ξ
1016 1847 1133 1890 Med.
1184 1846 1249 1889 Pl.
1304 1850 1372 1901 68,
1430 1849 1506 1888 11:
1560 1846 1730 1889 utiliter

287 1917 588 1971 ticulariisque
631 1917 794 1961 morbis
832 1918 942 1961 utile
978 1906 980 1962 Ὺ
1077 1917 1201 1961 dolor
1232 1921 1532 1972 perunguetur
1581 1918 1731 1961 (oleo)

288 1992 357 2032 est
389 1990 530 2033 oleum
561 1989 607 2032 in
640 2003 722 2043 quo
757 1989 942 2034 decocta
977 1969 980 2062 ἑ
1076 1989 1122 2033 111
1137 2002 1219 2043 quo
1230 1988 1513 2033 decoctasint
1525 2001 1731 2032 ranarum

289 2059 378 2103 sint
408 2073 616 2103 ranarum
635 2060 852 2104 intestina
885 2062 939 2104 ..‘
977 2069 979 2118 4
1075 2061 1305 2104 intestina.

229 2132 322 2176 Ser.
345 2146 386 2176 v.
413 2136 521 2175 782:
555 2132 647 2175 Aut
678 2132 818 2176 nitido
851 2145 989 2176 ranae
1022 2133 1249 2177 decoctum
1281 2132 1427 2177 viscus
1461 2132 1589 2177 olivo.

347 2214 464 2269 Quos
495 2215 613 2258 locos
651 2215 688 2258 si
721 2228 1037 2270 comparamus,
1082 2216 1302 2269 extemplo
1342 2215 1732 2258 animadvertimus

229 2287 366 2331 verba
397 2286 645 2330 Medicinae
676 2286 789 2331 Plin.
830 2299 853 2330 e
885 2286 1019 2331 Plinii
1056 2286 1243 2330 historia
1280 2286 1475 2329 naturali
1515 2298 1732 2329 manasse.

230 2359 461 2402 verborum
494 2358 667 2412 quidem
705 2358 961 2413 compositio
994 2358 1127 2402 Plinii
1158 2358 1349 2412 propria,
1382 2362 1431 2401 ut
1463 2358 1732 2412 saepissime,

231 2430 286 2473 ab
320 2441 383 2484 eo,
433 2429 505 2483 qui
537 2430 823 2485 archetypum
855 2430 1051 2473 codicum
1073 2429 1320 2472 Medicinae
1352 2430 1508 2483 gdrb
1541 2429 1730 2483 scripsit,

232 2501 446 2545 dissoluta
508 2500 615 2545 est¹.
703 2502 741 2544 Ε
800 2502 1039 2556 ,Damione‘
1105 2501 1213 2544 fecit
1276 2501 1543 2555 ,Damonem‘
1602 2500 1734 2556 (quae

231 2573 373 2617 forma
404 2572 589 2616 nominis
621 2574 881 2627 postuletur,
916 2573 1091 2616 dubium
1124 2584 1221 2615 esse
1253 2572 1419 2625 nequit.
1460 2571 1516 2615 cf.
1550 2572 1663 2616 Plin.
1697 2574 1731 2627 I,

233 2650 303 2701 20,
332 2644 416 2703 sq.)
450 2649 495 2689 et
526 2659 604 2700 pro
639 2646 803 2700 ,mulso‘
839 2645 1016 2699 scripsit
1050 2646 1237 2699 ,musco‘.
1302 2644 1450 2687 Verba
1472 2647 1620 2687 autem
1648 2645 1734 2699 ,qui

232 2717 277 2759 in
309 2730 423 2769 aqua
455 2717 663 2772 gignitur‘
698 2729 794 2759 esse
811 2716 1095 2770 interpolata,
1130 2715 1228 2759 aliis
1260 2715 1367 2759 locis
1390 2716 1732 2761 demonstratur.

234 2800 300 2847 ex.
334 2800 399 2842 gr.
433 2801 473 2841 p.
509 2791 587 2841 68,
613 2791 657 2839 9;
693 2789 776 2830 010.
839 2786 1010 2829 Deinde
1043 2786 1135 2829 eius
1169 2798 1316 2829 errore
1358 2785 1525 2829 factum
1564 2791 1645 2841 est,
1686 2791 1735 2830 ut

355 2940 364 2960 ³
392 2941 434 2976 V.
461 2940 566 2984 Rose,
592 2940 615 2975 l.
641 2940 676 2984 1.‚
702 2951 736 2985 p.
763 2941 819 2975 28.
