1947 3391
226 296 293 340 40
1637 273 1662 313 *—

346 432 433 477 Sed
482 447 758 489 quaeramus,
808 433 1025 477 ceterisne
1073 433 1179 476 locis
1227 433 1285 488 id,
1335 433 1448 487 quod
1497 433 1729 487 posuimus,
1792 447 1794 449 ’

224 504 519 548 confirmetur.
1451 549 1453 551 ,

222 586 336 631 Ρ1111.
368 591 564 643 29,135:
598 590 774 632 constat
800 587 942 642 deplo-
979 588 980 597 ¹
1017 587 1132 630 Med.
1166 587 1232 630 Pl.
1270 590 1338 643 18,
1371 590 1445 630 14:
1479 586 1610 631 valde
1642 587 1730 630 lau-

283 662 387 701 rata
428 659 598 702 aurium
638 659 751 703 vitia
790 672 839 702 eo
878 671 942 701 re—

283 729 428 773 medio
450 730 600 774 sanari
623 733 701 773 aut
721 729 758 774 si
774 729 942 773 terreni

282 814 456 845 vermes
489 815 584 845 cum
607 802 737 855 adipe
771 801 941 845 anseris

1077 659 1240 702 dantur
1277 662 1323 703 et
1360 659 1527 702 terreni
1558 671 1730 703 vermes

1077 730 1192 773 cum*
1220 730 1391 773 anseris
1439 730 1568 785 adipe
1616 729 1731 773 cocti

1077 805 1122 844 et
1153 801 1372 845 instillati.

283 873 456 917 decocti
496 872 800 928 infundantur,
834 873 942 916 item

219 1001 222 1006 Ι
284 957 338 987 ex
388 944 617 988 arboribus
673 945 794 987 rubri
845 957 939 988 cum
977 973 978 996 2

282 1017 376 1059 oleo
428 1016 526 1059 triti
573 1015 842 1059 exulceratis
896 1018 941 1058 et
977 1067 978 1076 γ

279 1087 422 1142 ruptis
475 1087 653 1131 auribus
710 1088 940 1142 praeclare

278 1160 524 1203 medentur.
977 1161 978 1166 ’

219 1243 312 1286 Ser.
337 1257 377 1287 v.
406 1247 510 1286 169:
546 1245 728 1287 Annosa
760 1244 916 1287 rubros
949 1244 986 1286 si
1017 1243 1180 1299 legeris
1213 1245 1371 1287 arbore
1402 1256 1574 1287 vermes

539 1315 609 1357 Ex
642 1315 736 1358 oleo
769 1318 885 1358 tere:
922 1314 984 1358 sic
1017 1314 1192 1368 tepidos
1224 1314 1407 1358 infunde
1440 1315 1619 1358 dolenti.

543 1386 590 1429 Si
622 1399 728 1430 vero
762 1387 966 1429 obstrusa
1000 1399 1154 1429 sensus
1186 1386 1399 1429 morietur
1431 1386 1477 1429 in
1509 1399 1628 1441 aure,

538 1457 797 1501 Lumbricos
829 1460 980 1500 terrae
1013 1470 1250 1511 sevumque
1283 1470 1338 1501 ex
1370 1470 1527 1501 ansere
1559 1471 1691 1501 rauco

540 1530 767 1583 Excoque:
784 1530 856 1574 vel
870 1533 1068 1574 veterem
1082 1528 1250 1584 poteris
1262 1529 1503 1574 dissolvere
1518 1530 1726 1573 morbum.

336 1613 527 1657 Serenus
553 1613 599 1656 111
626 1614 820 1657 editione
849 1613 1015 1656 maiore
1041 1613 1290 1657 Medicinae
1315 1613 1548 1657 Plinianae
1574 1614 1729 1657 eadem

212 1684 337 1740 legit,
372 1697 484 1738 quae
517 1685 635 1740 apud
656 1685 846 1728 Plinium
871 1685 899 1728 1.
922 1685 950 1728 1.
980 1688 1173 1728 exstant.
1222 1686 1333 1727 Nam
1360 1688 1598 1728 commotus
1619 1698 1727 1729 voce

214 1757 347 1811 ,item‘
382 1757 427 1800 in
461 1757 819 1810 compositionem
851 1756 1021 1810 recepit
1042 1758 1182 1801 verba
1210 1757 1396 1811 ,decocti
1421 1756 1725 1800 infundantur‘

212 1826 289 1884 (=
317 1827 492 1881 tepidos
535 1826 755 1884 infunde),
802 1840 915 1881 quae
968 1827 1012 1870 in
1065 1827 1152 1870 fine
1205 1827 1364 1881 prioris
1416 1827 1559 1881 partis
1611 1827 1727 1871 illius

212 1898 435 1941 enuntiati
468 1903 611 1942 erant.

214 1993 329 2037 Plin.
364 1998 434 2048 30,
458 1998 534 2037 44:
570 1993 646 2051 (de
680 1993 858 2050 cocleis)
891 1993 936 2036 in
972 2002 975 2060 1
1010 1994 1126 2037 Med.
1169 1994 1235 2037 Pl.
1279 1997 1350 2048 44,
1385 1998 1460 2037 22:
1502 1995 1726 2038 stomacho

277 2078 393 2120 aqua
426 2078 503 2109 eas
537 2065 845 2110 subfervefieri
875 2065 936 2109 in·
972 2068 975 2125 J
1070 2065 1304 2109 medentur
1345 2065 1520 2109 cocleae
1562 2065 1598 2109 si
1629 2066 1727 2109 fieri

276 2141 400 2182 tacto
503 2151 685 2192 corpore
786 2151 936 2181 earum
972 2127 974 2183 f
1070 2140 1220 2193 potest
1261 2136 1505 2181 Africanae
1545 2137 1590 2181 in
1632 2137 1726 2182 cibo

278 2213 468 2265 oportet,
525 2223 626 2253 mox
688 2210 733 2253 in
795 2222 937 2264 pruna
972 2199 974 2250 ἶ
1071 2213 1295 2264 sumptae:
1363 2212 1607 2263 coquuntur
1667 2210 1728 2253 in-

276 2281 438 2325 torreri
463 2281 599 2325 nihilo
624 2281 778 2325 addito
802 2284 936 2335 atque
972 2264 974 2343 ἶ
1070 2285 1222 2324 tactae
1276 2294 1330 2324 ex
1386 2294 1515 2336 aqua,
1568 2281 1727 2325 deinde

275 2353 342 2397 ita
387 2366 410 2396 e
451 2353 554 2397 vino
592 2366 787 2408 garoque
827 2352 937 2396 sumi
1072 2366 1126 2396 ex
1158 2352 1309 2407 prunis
1350 2356 1588 2409 torrentur,
1623 2357 1728 2397 tunc

275 2424 515 2479 praecipue
548 2424 809 2477 Africanas3
849 2457 857 2467 .
887 2457 895 2467 .
926 2458 934 2466 .
1072 2438 1126 2468 ex
1158 2424 1259 2468 vino
1299 2428 1345 2467 et
1376 2437 1484 2479 garo
1524 2425 1726 2481 eduntur,

278 2532 286 2541 .
324 2531 333 2541 .
370 2531 378 2541 .
415 2496 542 2554 .(45)
561 2499 716 2541 contra
737 2495 937 2540 marinae
1070 2495 1230 2551 impari
1285 2509 1464 2540 numero
1512 2497 1727 2541 stomachi

277 2570 504 2613 stomacho
543 2568 757 2623 utiliores,
798 2568 937 2611 effica-
1072 2568 1210 2612 dolori
1242 2568 1487 2612 medentur.

277 2641 451 2699 cissime
495 2644 646 2684 tamen
694 2640 738 2683 in
787 2640 936 2683 dolore
973 2653 975 2659 ·

277 2713 506 2757 stomachi.
974 2708 975 2714 ’

219 2797 310 2840 Ser.
332 2811 373 2841 v.
400 2800 505 2841 315:
542 2796 629 2839 Seu
662 2796 834 2839 cocleas
865 2795 995 2839 undis
1028 2794 1275 2839 calefactas
1308 2808 1361 2838 ac
1392 2808 1528 2850 prope
1559 2796 1704 2841 victas

541 2866 790 2921 Suppositis
823 2870 943 2910 torre
976 2866 1129 2921 prunis
1160 2866 1349 2920 vinoque
1381 2879 1577 2922 garoque

540 2938 755 2982 Perfusas
787 2951 965 2992 carpes:
999 2938 1182 2992 prodest
1214 2938 1356 2993 magis
1389 2951 1486 2982 esse
1519 2939 1726 2983 marinas.
