1947 3391
1675 291 1738 335 41

244 426 355 470 Ρ1111.
391 431 460 481 24,
487 431 562 470 15:
587 428 756 471 Eadem
782 428 861 485 (sc.
889 442 956 472 cu·
1029 429 1145 472 Med.
1169 428 1281 471 Plin.
1309 433 1377 483 74,
1404 433 1448 471 7:
1479 432 1524 472 et
1546 428 1741 482 cupressi

303 497 445 553 pressi
500 496 627 556 folia)
688 498 798 543 trita
860 513 955 544 cum
1090 498 1197 543 folia
1259 499 1369 542 trita
1437 500 1495 542 ad
1557 500 1741 542 eundem

304 570 473 612 duabus
548 570 749 623 partibus
827 572 955 625 panis
1089 571 1290 615 effectum
1322 572 1615 625 imponuntur.

302 640 443 684 mollis
496 653 520 684 e
575 640 676 685 vino
727 642 953 686 Ammineo
991 642 993 645 ’

303 714 488 756 subacta
540 713 698 767 pedum
754 727 806 757 ac
861 727 954 758 ner·
990 702 992 775 ἒ

302 796 453 827 vorum
486 784 657 828 dolores
690 785 860 829 sedant.
990 778 993 784 ’

243 855 336 898 Ser.
348 869 388 899 v.
403 859 507 898 975:
528 857 617 898 Aut
633 857 805 900 Baccho
820 857 1075 901 madefacta
1093 857 1225 900 Ceres
1243 870 1338 900 (311111
1356 856 1512 899 fronde
1530 856 1737 910 cupressi,

527 927 620 983 Quo
652 928 817 982 poteris
849 928 945 972 fotu
975 941 1179 972 recreare
1210 928 1403 983 rigentia
1434 929 1643 971 membra.

360 1009 552 1053 Primum
592 1011 822 1055 haeremus
862 1012 906 1055 in
946 1026 987 1057 v.
1022 1015 1122 1067 315,
1155 1011 1417 1066 praesertim
1461 1024 1556 1054 cum
1601 1010 1739 1054 ceteri

238 1081 323 1126 loci
355 1081 514 1136 capitis
545 1082 676 1125 XVII
706 1096 845 1136 neque
886 1084 944 1126 ad
975 1083 1163 1126 Plinium
1204 1096 1344 1137 neque
1386 1083 1443 1126 ad
1474 1082 1738 1126 Medicinam

238 1154 304 1197 Pl.
349 1153 615 1208 pertineant.
694 1155 763 1198 Ea
810 1155 996 1210 quidem,
1043 1168 1155 1209 quae
1203 1158 1271 1199 est
1319 1155 1472 1198 summi
1514 1154 1736 1209 momenti,

237 1239 342 1280 pars
379 1226 563 1270 remedii
601 1226 817 1284 (,prodest
856 1227 998 1283 magis
1031 1241 1128 1271 esse
1159 1226 1389 1284 marinas‘)
1430 1227 1475 1271 in
1516 1226 1737 1270 Medicina

237 1298 302 1341 Pl.
338 1298 477 1342 deest.
548 1299 643 1341 Iam
680 1312 785 1343 vero
826 1313 866 1353 p.
904 1303 971 1351 74,
1009 1304 1030 1342 7
1073 1299 1214 1354 ‚panis
1254 1299 1396 1342 mollis
1440 1312 1463 1342 e
1496 1298 1596 1343 vino
1637 1299 1737 1341 Am—

237 1368 393 1412 11111160ί
427 1395 483 1399 -—
515 1369 574 1424 id,
609 1370 722 1422 quod
754 1370 811 1412 ad.
841 1370 1113 1413 medicamen
1145 1370 1487 1425 componendum
1527 1383 1736 1424 perquam

237 1441 532 1484 necessarium
564 1444 646 1496 est,
681 1441 972 1485 desideratur.
1038 1442 1196 1485 Sedulo
1231 1444 1378 1485 autem
1411 1445 1634 1485 auctorem
1668 1454 1734 1495 ea,

239 1525 350 1565 quae
389 1512 567 1556 utiliora
608 1526 634 1555 a
670 1512 811 1556 Plinio
851 1513 982 1567 plane
1023 1512 1143 1556 dicta
1194 1516 1322 1556 erant
1362 1528 1403 1567 p.
1444 1517 1515 1568 44,
1560 1518 1615 1556 32
1656 1527 1734 1567 sq„

236 1584 309 1629 vel
349 1597 538 1627 summas
578 1587 730 1639 partes
770 1584 1096 1639 compositionis
1137 1599 1178 1639 p.
1216 1589 1282 1640 74,
1325 1590 1346 1627 7
1382 1598 1444 1638 sq.
1487 1585 1736 1640 neglexisse

236 1656 504 1711 negaverim.
578 1656 640 1699 At
685 1657 757 1701 vel
804 1670 908 1700 casu
954 1657 1026 1701 vel
1073 1656 1265 1700 stultitia
1310 1656 1618 1712 compilatoris,
1664 1657 1737 1710 qui

238 1726 474 1771 editionem
522 1728 731 1771 minorem
773 1727 982 1783 faciebat,
1024 1718 1120 1771 fieri
1160 1729 1316 1782 potuit,
1363 1734 1413 1771 ut
1450 1728 1559 1771 talia
1599 1730 1737 1772 verba

237 1799 558 1843 omitterentur.

235 1870 348 1914 Plin.
393 1875 462 1925 30,
508 1875 613 1914 118:
656 1906 664 1914 .
701 1906 709 1914 .
746 1905 755 1914 .
790 1876 835 1914 et
867 1873 949 1915 ele·
985 1878 987 1936 }
1022 1873 1138 1914 Med.
1172 1873 1238 1914 Pl.
1274 1876 1342 1926 34,
1380 1876 1455 1914 10:
1489 1872 1527 1914 is
1550 1872 1623 1925 qui
1654 1874 1735 1915 hoc

295 1942 549 1996 phantiasin
571 1943 751 1998 sanguis
774 1948 819 1986 et
841 1943 949 1987 cinis
985 1938 987 1998 ξ
1082 1943 1196 1986 111610
1290 1942 1535 1986 afficiuntur
1626 1943 1734 1986 cinis

295 2014 522 2057 mustelae.
1081 2015 1295 2057 mustelae
1335 2018 1379 2056 et
1412 2014 1604 2057 eiusdem
1639 2028 1733 2057 san-

984 2060 987 2142 ἱ
1082 2086 1180 2141 guis
1212 2086 1372 2129 mixtus
1404 2086 1614 2129 inlinitur.

238 2157 329 2201 Ser.
364 2171 404 2202 17.
442 2161 547 2201 132:
581 2158 884 2212 Mustelaeque
919 2158 1028 2201 cinis
1060 2156 1156 2202 vel¹
1189 2157 1311 2202 fusus
1345 2158 1524 2214 sanguis
1557 2159 1611 2201 ab
1644 2158 1733 2201 illa.

356 2241 395 2284 E
420 2242 562 2285 Plinio
595 2243 676 2285 hoc
707 2242 946 2285 remedium
978 2242 1182 2285 editionis
1204 2242 1380 2285 maioris
1401 2242 1647 2285 Medicinae
1669 2243 1733 2285 Pl.

238 2312 331 2356 sine
363 2313 492 2356 dubio
525 2314 791 2357 verbotenus
824 2313 1068 2367 exscripsit.
1132 2315 1200 2356 Ab
1242 2327 1327 2366 qua
1359 2313 1550 2356 editione
1582 2326 1735 2357 versus

238 2385 391 2428 Sereni
449 2385 656 2439 pendent.
744 2386 935 2429 Verbum
1003 2389 1151 2429 autem
1213 2385 1399 2439 ,1111111118έ
1459 2385 1504 2428 111
1566 2388 1735 2428 textum

236 2456 484 2500 Medicinae
515 2457 581 2500 Pl.
614 2457 794 2511 irrepsit
834 2457 998 2500 seriore
1029 2460 1225 2511 tempore
1258 2470 1386 2510 quam
1425 2470 1506 2509 quo
1546 2456 1735 2500 Serenus

239 2542 335 2572 eam
368 2533 663 2583 excerpserat.

237 2612 350 2656 Plin.
384 2616 454 2667 29,
489 2616 567 2655 69:
601 2612 792 2667 Viperae
819 2616 952 2667 caput
986 2665 988 2669 ,
1025 2613 1081 2655 M.
1097 2613 1162 2655 Pl.
1181 2615 1342 2666 111,5:
1370 2611 1551 2665 viperae
1574 2613 1735 2655 morsui

296 2683 546 2739 impositum
622 2685 695 2729 vel
768 2684 951 2728 alterius
987 2685 989 2710 ¹
1083 2683 1262 2738 viperae
1310 2683 1543 2726 cuiuslibet
1581 2684 1736 2727 tritum

297 2769 426 2809 quam
495 2768 606 2809 quae
667 2757 949 2811 percusserit,
1085 2759 1129 2798 et
1157 2755 1405 2809 appositum
1442 2759 1575 2809 caput
1598 2756 1736 2799 effica-

297 2827 391 2871 sine
428 2828 515 2871 fine
546 2828 728 2882 prodest
761 2862 769 2871 .
805 2862 814 2871 .
850 2862 859 2870 .
895 2862 903 2871 .
939 2862 947 2871 .
985 2818 988 2866 ἶ
1083 2826 1254 2870 (318811116
1287 2827 1480 2880 prodest.

358 2947 368 2966 ¹
395 2946 453 2982 vel
472 2961 517 2977 =
537 2946 621 2990 und,
648 2946 740 2982 auch
769 2946 813 2982 cf.
841 2946 951 2991 Verg.
