1947 3391
257 274 321 317 22

251 410 344 452 Ser.
370 424 410 453 v.
435 414 542 453 435:
578 410 669 453 Aut
702 424 814 463 quae
847 423 976 464 poma
999 410 1150 464 Cydon
1184 409 1384 453 Cretaeis
1417 409 1536 452 misit
1568 410 1623 451 ab
1657 408 1758 462 oris,

575 482 713 524 Cocta
740 481 865 535 lines,
894 482 1047 524 durum
1077 484 1127 523 ut
1157 480 1298 534 possis
1331 480 1500 523 mollire
1531 482 1758 523 tumorem.

249 551 306 594 cf.
340 551 453 594 Plin.
490 556 560 602 23,
599 555 695 596 101.

248 622 311 681 M.
348 624 414 666 Pl.
458 627 530 678 44,
576 628 618 666 1:
667 627 712 667 et
757 624 940 668 ocimum
988 623 1142 666 tritum
1189 623 1440 677 impositum
1488 621 1759 677 praecordiis

465 695 660 749 prodest.
726 695 783 738 cf.
817 694 929 738 Plin.
966 698 1035 749 20,
1073 698 1169 737 122.
1560 708 1563 710 ·

248 767 341 809 Ser.
366 781 407 811 v.
432 771 538 810 437:
575 767 728 810 Ocima
760 770 996 820 praeterea
1027 765 1204 810 bulbive
1236 765 1432 810 linuntur
1465 765 1617 809 amari.

246 838 305 881 M.
339 838 415 881 ΡΙ..
440 842 511 893 43,
547 842 621 882 23:
656 838 776 881 bulbi
809 838 906 881 triti
938 837 1101 880 inliniti
1132 837 1280 881 ventri
1310 839 1422 880 bene
1454 837 1667 880 molliunt.

247 913 304 955 M.
339 913 404 955 ΡΙ.
439 916 510 966 43,
545 916 620 955 21:
654 912 737 955 His
779 912 961 955 caninus
1003 912 1176 955 catulus
1207 912 1382 955 lactans
1414 910 1477 968 (g.
1510 911 1683 954 lactens
1714 910 1758 953 d.

463 982 598 1040 Plin.)
628 983 811 1027 subinde
840 982 1077 1037 apponitur
1103 982 1234 1036 inque
1263 995 1360 1026 eum
1387 982 1543 1027 vitium
1565 982 1757 1026 transire

464 1059 659 1099 constat:
696 1055 951 1098 defunctum
986 1055 1110 1098 obrui
1141 1054 1274 1099 moris
1307 1058 1388 1098 est.

247 1127 340 1170 Ser.
354 1140 395 1170 v.
409 1130 514 1170 439:
535 1126 649 1181 Quin
673 1126 807 1169 etiam
832 1127 1026 1169 catulum
1048 1127 1294 1169 lactantem
1312 1126 1535 1180 adponere
1552 1126 1758 1169 membris

535 1197 768 1241 Convenit:
785 1210 910 1241 omne
918 1198 1079 1240 malum
1088 1200 1394 1240 transcurrere
1406 1197 1550 1240 fertur
1559 1197 1604 1240 in
1615 1198 1735 1240 illum
1746 1214 1755 1250 ;

534 1269 612 1312 Cui
644 1273 794 1312 tamen
827 1269 1024 1312 extincto
1058 1282 1213 1312 munus
1246 1269 1433 1325 debetur
1463 1269 1686 1313 humandi.

244 1342 302 1383 cf.
337 1341 450 1383 Plin.
486 1345 556 1395 30,
590 1344 646 1383 42
681 1343 727 1384 et
760 1343 829 1384 64.

364 1412 513 1456 Verba
582 1412 640 1467 ,in
690 1412 849 1466 panno‘
904 1425 927 1454 e
974 1412 1155 1456 vocibus
1216 1412 1369 1467 ,ceroti
1434 1412 1575 1456 modo‘
1641 1412 1757 1456 Plini

244 1483 370 1536 quasi
432 1483 582 1526 elicita
646 1496 743 1526 esse
804 1483 1034 1535 videntur3
1094 1483 1287 1536 itemque
1355 1497 1442 1527 vox
1505 1484 1755 1538 ,calefacta‘

243 1554 420 1609 ingenio
454 1553 654 1597 auctoris>
682 1554 917 1597 Plinianae
949 1553 1187 1597 tribuenda
1220 1554 1318 1598 erit.
1366 1554 1577 1598 Serenum
1610 1557 1757 1598 autem

242 1625 491 1668 Medicinae
523 1626 589 1668 Pl.
631 1629 857 1668 auctorem
899 1628 1097 1668 secutum
1131 1639 1227 1669 esse
1265 1626 1368 1669 inde
1399 1625 1637 1670 verisimile
1670 1629 1752 1680 est,

243 1697 358 1750 quod
389 1700 576 1751 uterque
602 1710 732 1752 poma
765 1700 893 1740 cocta
925 1697 1082 1740 inlini
1115 1697 1236 1752 dicit,
1264 1697 1433 1740 Plinius
1465 1700 1612 1741 autem
1638 1698 1753 1741 hunc

240 1782 365 1813 usum
396 1769 553 1814 nescit.

362 1842 636 1896 Quamquam
669 1843 722 1884 ob
764 1843 946 1885 verbum
987 1841 1095 1885 illud
1139 1841 1309 1896 ,fertur‘
1343 1841 1496 1898 (Plin.:
1540 1841 1751 1896 creditur)

241 1911 430 1966 suspicio
450 1912 644 1956 existere
660 1915 808 1966 potest
826 1912 943 1955 Plini
962 1913 1103 1955 locum
1120 1913 1147 1955 1.
1167 1926 1194 1955 a
1211 1916 1345 1966 poeta
1363 1925 1459 1955 0880
1483 1915 1751 1966 excerptum,

241 1983 497 2039 diligentius
539 1983 779 2037 inquirenti
821 1984 1041 2038 extemplo
1082 1984 1127 2027 in
1168 1987 1359 2027 mentem
1397 1983 1521 2028 venit
1558 1983 1603 2027 in
1634 1983 1750 2027 Med.

239 2055 306 2098 Pl.
350 2058 421 2108 43,
463 2059 518 2097 23
562 2067 654 2107 sqq.
697 2058 791 2097 tres
839 2054 1176 2108 compositiones
1225 2068 1272 2098 se
1320 2055 1536 2109 excipere,
1586 2055 1664 2098 sed
1707 2055 1752 2097 in

239 2125 356 2170 Plini
386 2126 499 2170 libro
521 2126 623 2169 XX.
657 2139 789 2169 unam
820 2125 865 2169 in
898 2124 923 2183 ξ
954 2130 1052 2182 104,
1087 2126 1220 2169 aliam
1252 2126 1298 2170 in
1330 2125 1354 2183 ξ
1392 2130 1489 2180 122,
1522 2126 1752 2181 permultis

238 2197 535 2252 paragraphis
576 2197 865 2252 interpositis,
909 2197 1089 2240 tertiam
1129 2198 1174 2240 in
1214 2197 1326 2241 libro
1367 2198 1514 2241 XXX.
1558 2200 1749 2242 exstare.

240 2268 431 2313 Serenus
453 2281 573 2324 vero,
598 2281 881 2322 quaecunque
908 2268 1026 2323 apud
1048 2269 1163 2313 Med.
1187 2269 1253 2312 Pl.
1280 2272 1351 2324 43,
1376 2273 1430 2312 21
1454 2268 1750 2323 inveniuntur,
1830 2317 1833 2319 ,

237 2342 439 2395 praebet.
502 2341 676 2384 Deinde
713 2354 866 2385 vocem
905 2341 1107 2396 ,lactans‘
1147 2354 1291 2386 nonne
1340 2341 1570 2385 confirmat
1618 2344 1750 2395 atque

236 2412 358 2455 illam
402 2411 666 2466 ,apponitur‘
709 2411 754 2454 in
801 2412 1007 2455 Pliniana
1053 2411 1196 2467 legit?
1249 2412 1449 2465 Denique
1494 2413 1643 2467 magni
1682 2416 1751 2456 est

236 2484 447 2528 momenti
500 2483 712 2527 Serenum
766 2486 812 2527 et
864 2488 1089 2527 auctorem
1136 2484 1386 2528 Medicinae
1433 2484 1499 2528 Pl.
1556 2483 1749 2528 remedio

237 2556 376 2599 allato
430 2555 578 2599 dicere
634 2554 979 2610 ,defunctum‘
1035 2556 1228 2599 catulum
1281 2555 1579 2610 sepeliendum
1630 2569 1748 2608 esse,

237 2630 394 2671 contra
426 2626 543 2670 Plini
576 2628 715 2671 verba
748 2626 834 2670 alio
869 2639 1038 2680 quoque
1070 2627 1198 2670 modo
1232 2627 1445 2681 explicari
1477 2630 1674 2681 possunt.

871 2746 915 2789 O.
949 2747 1115 2789 XXIV.

235 2832 293 2875 M.
327 2832 392 2874 Pl.
429 2834 499 2886 58,
538 2834 610 2873 14:
645 2831 751 2873 lana
790 2829 943 2873 sucida
982 2830 1027 2873 in
1066 2831 1160 2874 oleo
1199 2830 1297 2885 pice
1335 2830 1502 2884 liquida
1544 2831 1749 2886 sulphure

451 2902 553 2946 vivo
586 2902 703 2945 nitro
735 2902 919 2945 (aceto)
950 2901 1215 2945 fervefactis
1246 2902 1437 2945 intincta
1482 2916 1611 2956 quam
1653 2903 1748 2946 fieri

449 2977 600 3033 potest
632 2973 902 3018 calidissima
935 2973 1004 3017 bis
1036 2973 1082 3017 in
1114 2973 1185 3017 die
1217 2973 1407 3029 ponitur.
