1947 3391
211 238 271 281 18
1701 226 1719 253 N

853 373 898 416 O.
931 373 1056 415 XIII.

201 459 259 502 M.
292 458 358 501 ΡΙ.
394 461 463 513 22,
502 461 554 501 16
591 491 740 500 .....
774 457 965 510 lanaque
999 456 1152 500 sucida
1185 469 1239 498 ex
1272 456 1366 499 oleo
1390 457 1468 498 aut
1501 453 1562 512 (g.
1587 453 1709 498 V.-R.

421 529 493 582 ,et‘
528 528 571 570 d.
606 529 686 582 ,ac‘
721 527 856 584 Plin.)
888 528 1004 572 vino.

202 600 294 644 Ser.
318 614 359 644 v.
388 603 489 642 193:
526 599 614 642 Sed
647 599 771 642 dolor
801 598 1052 642 inmeritum
1084 598 1229 641 lumen
1262 597 1299 641 si
1332 597 1449 641 forte
1480 596 1675 651 lacessit,

520 671 649 713 Lana
680 670 864 713 madens
897 671 992 713 oleo
1024 673 1157 712 noctu
1190 669 1438 712 conectitur
1469 672 1588 723 apte,
1617 702 1625 711 .
1657 702 1666 711 .
1701 702 1709 711 .

200 743 256 786 cf.
290 742 403 785 Plin.
439 746 509 796 29,
547 746 644 785 126.

319 813 358 855 Ε
391 812 539 856 verbis
580 812 762 855 traditis
805 811 1105 855 coniciendum
1145 815 1214 854 est
1253 811 1464 854 Serenum
1501 811 1546 853 in
1578 810 1712 853 Medi-

200 885 300 928 cina
356 885 421 927 Pl.
479 884 641 939 legisse
699 884 804 938 ,aut‘
861 887 905 926 et
957 883 1182 926 addidisse
1230 896 1382 928 vocem
1434 883 1608 938 ,noctu‘,
1662 885 1712 925 ut

199 957 504 998 hexametrum
537 954 790 1006 compleret.

857 1073 902 1115 O.
935 1073 1056 1115 XIV.

199 1159 257 1201 M.
292 1157 357 1200 Pl.
399 1161 468 1212 26,
512 1160 584 1199 19:
636 1159 810 1200 acetum
859 1155 896 1199 si
942 1155 987 1199 in
1036 1169 1110 1199 ore
1162 1154 1456 1210 contineatur,
1507 1154 1712 1211 gingivas

416 1228 598 1283 stringit
630 1232 676 1271 et
709 1228 866 1270 dentes
900 1227 1111 1270 continet.
1237 1276 1239 1279 ,

200 1300 294 1344 Ser.
318 1314 359 1344 v.
385 1304 490 1343 231:
525 1300 616 1342 Aut
649 1299 767 1342 acidi
798 1298 957 1342 latices
991 1299 1139 1342 clauso
1172 1299 1409 1343 volvuntur
1441 1299 1486 1342 in
1519 1311 1605 1342 ore.

201 1371 258 1414 cf.
291 1371 403 1413 Plin.
440 1375 510 1425 23,
545 1374 614 1413 59.

200 1444 258 1487 M.
292 1443 357 1486 Pl.
394 1446 464 1498 25,
498 1446 543 1486 4:
580 1456 718 1496 aeque
752 1442 860 1485 folia
891 1442 1002 1497 rubi,
1036 1442 1081 1485 in
1115 1456 1197 1495 quo
1230 1455 1352 1485 mora
1384 1445 1638 1486 nascuntur.

202 1515 296 1558 Ser.
320 1528 361 1559 v.
387 1519 491 1557 232:
526 1514 753 1557 Manditur
795 1518 902 1568 apta
940 1515 1074 1557 rubus
1105 1514 1297 1569 gingivis
1331 1518 1376 1557 et
1412 1516 1529 1557 bona
1560 1514 1710 1558 labris.

202 1586 258 1630 of.
292 1586 405 1629 Plin.
440 1589 510 1640 24,
548 1589 645 1629 118.

322 1658 459 1700 Nemo
486 1657 722 1712 dubitabit,
753 1657 856 1710 quin
885 1657 1076 1700 Serenus
1101 1658 1215 1700 hunc
1237 1670 1411 1702 versum
1441 1670 1464 1700 e
1493 1657 1713 1701 Medicina

202 1729 269 1772 Pl.
320 1728 569 1783 sumpserit.
657 1728 827 1772 Plinius
884 1728 998 1772 enim
1055 1729 1110 1771 de
1159 1728 1294 1775 ,vitiis
1349 1728 1449 1772 oris‘
1497 1729 1711 1782 loquitur;

202 1800 393 1843 Serenus
427 1802 575 1842 autem
608 1802 832 1842 auctorem
864 1799 1112 1842 Medicinae
1144 1800 1209 1842 ΡΙ.
1238 1803 1414 1842 secutus
1448 1803 1529 1854 est,
1564 1799 1637 1853 qui
1667 1800 1713 1843 in

200 1871 321 1914 linea
352 1871 380 1914 l.
404 1871 432 1914 l.
467 1870 664 1924 proxime
698 1870 983 1913 antecedenti
1015 1870 1092 1913 illa
1120 1870 1232 1914 vitia
1265 1870 1481 1915 diviserat
1511 1870 1556 1914 in
1589 1870 1714 1926 ,vitia

202 1942 482 1998 gingivarum
516 1946 561 1984 et
592 1942 836 1985 labiorum!

202 2015 260 2056 M.
284 2014 350 2056 ΡΙ.
376 2018 446 2068 28,
472 2018 518 2055 7:
554 2013 721 2057 cervini
750 2026 907 2056 cornus
936 2013 1084 2056 farina
1111 2013 1156 2056 in
1180 2014 1328 2057 dolore
1355 2015 1425 2058 vel
1454 2015 1714 2057 conluuntur

418 2085 491 2129 vel
523 2084 756 2128 fricantur.

204 2158 297 2201 Ser.
322 2171 363 2201 v.
389 2161 493 2199 234:
529 2157 655 2211 Quod
678 2170 783 2201 vero
806 2158 1053 2211 adsumpsit
1074 2171 1231 2201 nomen
1255 2158 1309 2201 de
1336 2158 1469 2201 dente
1498 2158 1713 2213 fricando,

207 2262 213 2268 .
532 2228 718 2273 Cervino
752 2241 805 2271 ex
838 2242 972 2273 cornu
1005 2229 1114 2273 cinis
1147 2232 1216 2273 est
1249 2236 1267 2272 .“
1295 2263 1302 2272 .
1339 2264 1347 2273 .
1384 2263 1392 2273 .
1428 2264 1437 2273 .

203 2301 260 2344 cf.
295 2301 408 2343 Plin.
444 2304 515 2355 28,
553 2304 649 2343 178.

201 2374 260 2416 Μ.
295 2373 360 2415 ΡΙ.
396 2375 467 2426 28,
503 2375 547 2414 9;
599 2384 699 2414 ossa
752 2385 806 2414 ex
857 2373 1031 2428 ungulis
1080 2386 1201 2416 suum
1252 2374 1479 2416 combusta
1530 2374 1714 2417 eundem

419 2456 544 2486 usum
576 2446 823 2496 praestant.

203 2515 297 2560 Ser.
331 2528 373 2560 v.
409 2517 518 2557 235:
556 2548 879 2557 ........
915 2517 993 2557 aut
1024 2515 1188 2570 ungula
1220 2528 1381 2570 porcae
1413 2515 1602 2569 torrida3

202 2586 259 2630 cf.
294 2585 406 2629 Plin.
442 2589 513 2640 28,
550 2588 648 2628 179.

202 2659 260 2701 M.
295 2658 360 2700 Pl.
396 2661 467 2711 27,
503 2660 578 2699 21:
615 2656 738 2700 cavis
772 2656 977 2700 dentibus
1010 2656 1119 2700 cinis
1151 2658 1310 2701 murini
1341 2658 1430 2701 fimi
1462 2658 1641 2702 inditur.

204 2730 297 2772 Ser.
320 2742 362 2773 v.
388 2732 493 2771 239:
527 2728 703 2773 Exesos
733 2731 881 2771 autem
915 2728 1072 2772 dentes
1105 2729 1142 2772 si
1175 2728 1292 2772 sorte
1325 2729 1534 2785 quereris,

522 2800 612 2842 Ure
645 2799 792 2842 fimum
825 2798 973 2853 muris,
1007 2800 1172 2853 patulis
1206 2804 1251 2843 et
1283 2801 1477 2843 hiatibus
1510 2801 1638 2844 adde.

203 2874 259 2916 cf.
294 2872 407 2915 Plin.
444 2876 513 2926 30,
548 2876 617 2914 22.
